%YAML 1.1
%TAG !u! tag:unity3d.com,2011:
--- !u!1 &8530964720699127437
GameObject:
  m_ObjectHideFlags: 0
  m_CorrespondingSourceObject: {fileID: 0}
  m_PrefabInstance: {fileID: 0}
  m_PrefabAsset: {fileID: 0}
  serializedVersion: 6
  m_Component:
  - component: {fileID: 8530964720699127430}
  - component: {fileID: 8530964720699127435}
  - component: {fileID: 8530964720699127434}
  - component: {fileID: 8122441155628327278}
  m_Layer: 0
  m_Name: Ball_Heavy
  m_TagString: Untagged
  m_Icon: {fileID: 0}
  m_NavMeshLayer: 0
  m_StaticEditorFlags: 0
  m_IsActive: 1
--- !u!4 &8530964720699127430
Transform:
  m_ObjectHideFlags: 0
  m_CorrespondingSourceObject: {fileID: 0}
  m_PrefabInstance: {fileID: 0}
  m_PrefabAsset: {fileID: 0}
  m_GameObject: {fileID: 8530964720699127437}
  m_LocalRotation: {x: 0.50000006, y: 0.5, z: 0.5, w: 0.49999997}
  m_LocalPosition: {x: -0.93, y: 2.94, z: 0}
  m_LocalScale: {x: 0.2, y: 0.2, z: 0.2}
  m_Children:
  - {fileID: 4296916427045557603}
  - {fileID: 8909113795508376734}
  - {fileID: 5777198183828435756}
  m_Father: {fileID: 0}
  m_RootOrder: 0
  m_LocalEulerAnglesHint: {x: 0, y: 90.00001, z: 90.00001}
--- !u!135 &8530964720699127435
SphereCollider:
  m_ObjectHideFlags: 0
  m_CorrespondingSourceObject: {fileID: 0}
  m_PrefabInstance: {fileID: 0}
  m_PrefabAsset: {fileID: 0}
  m_GameObject: {fileID: 8530964720699127437}
  m_Material: {fileID: 13400000, guid: a4323fb8f4ae24947a0a52378fe70710, type: 2}
  m_IsTrigger: 0
  m_Enabled: 1
  serializedVersion: 2
  m_Radius: 0.5
  m_Center: {x: 0, y: 0, z: 0}
--- !u!54 &8530964720699127434
Rigidbody:
  m_ObjectHideFlags: 0
  m_CorrespondingSourceObject: {fileID: 0}
  m_PrefabInstance: {fileID: 0}
  m_PrefabAsset: {fileID: 0}
  m_GameObject: {fileID: 8530964720699127437}
  serializedVersion: 2
  m_Mass: 0.1
  m_Drag: 0
  m_AngularDrag: 0.05
  m_UseGravity: 1
  m_IsKinematic: 0
  m_Interpolate: 0
  m_Constraints: 8
  m_CollisionDetection: 0
--- !u!114 &8122441155628327278
MonoBehaviour:
  m_ObjectHideFlags: 0
  m_CorrespondingSourceObject: {fileID: 0}
  m_PrefabInstance: {fileID: 0}
  m_PrefabAsset: {fileID: 0}
  m_GameObject: {fileID: 8530964720699127437}
  m_Enabled: 1
  m_EditorHideFlags: 0
  m_Script: {fileID: 11500000, guid: 0cff45bf09094d5439e19b9caca5fe8a, type: 3}
  m_Name: 
  m_EditorClassIdentifier: 
  overlapDetection: {fileID: 1138883573982019088}
  isUnlocked: 0
  isDragging: 0
  rgbd: {fileID: 8530964720699127434}
  colorLerpRate: 1
--- !u!1 &8552256487113043562
GameObject:
  m_ObjectHideFlags: 0
  m_CorrespondingSourceObject: {fileID: 0}
  m_PrefabInstance: {fileID: 0}
  m_PrefabAsset: {fileID: 0}
  serializedVersion: 6
  m_Component:
  - component: {fileID: 5777198183828435756}
  - component: {fileID: 2538677623240806314}
  - component: {fileID: 4161353243115447805}
  m_Layer: 0
  m_Name: Ball_Base
  m_TagString: Untagged
  m_Icon: {fileID: 0}
  m_NavMeshLayer: 0
  m_StaticEditorFlags: 0
  m_IsActive: 1
--- !u!4 &5777198183828435756
Transform:
  m_ObjectHideFlags: 0
  m_CorrespondingSourceObject: {fileID: 0}
  m_PrefabInstance: {fileID: 0}
  m_PrefabAsset: {fileID: 0}
  m_GameObject: {fileID: 8552256487113043562}
  m_LocalRotation: {x: -0.2147317, y: 0.81144875, z: -0.123759106, w: 0.5292684}
  m_LocalPosition: {x: 0, y: 0, z: 0}
  m_LocalScale: {x: 1, y: 1, z: 1}
  m_Children: []
  m_Father: {fileID: 8530964720699127430}
  m_RootOrder: 2
  m_LocalEulerAnglesHint: {x: -1.516, y: 114.158005, z: -28.663002}
--- !u!33 &2538677623240806314
MeshFilter:
  m_ObjectHideFlags: 0
  m_CorrespondingSourceObject: {fileID: 0}
  m_PrefabInstance: {fileID: 0}
  m_PrefabAsset: {fileID: 0}
  m_GameObject: {fileID: 8552256487113043562}
  m_Mesh: {fileID: 10207, guid: 0000000000000000e000000000000000, type: 0}
--- !u!23 &4161353243115447805
MeshRenderer:
  m_ObjectHideFlags: 0
  m_CorrespondingSourceObject: {fileID: 0}
  m_PrefabInstance: {fileID: 0}
  m_PrefabAsset: {fileID: 0}
  m_GameObject: {fileID: 8552256487113043562}
  m_Enabled: 1
  m_CastShadows: 1
  m_ReceiveShadows: 1
  m_DynamicOccludee: 1
  m_MotionVectors: 1
  m_LightProbeUsage: 1
  m_ReflectionProbeUsage: 1
  m_RenderingLayerMask: 1
  m_RendererPriority: 0
  m_Materials:
  - {fileID: 2100000, guid: dd3b1b95e29c6ae47bb85d899ca08612, type: 2}
  m_StaticBatchInfo:
    firstSubMesh: 0
    subMeshCount: 0
  m_StaticBatchRoot: {fileID: 0}
  m_ProbeAnchor: {fileID: 0}
  m_LightProbeVolumeOverride: {fileID: 0}
  m_ScaleInLightmap: 1
  m_PreserveUVs: 0
  m_IgnoreNormalsForChartDetection: 0
  m_ImportantGI: 0
  m_StitchLightmapSeams: 0
  m_SelectedEditorRenderState: 3
  m_MinimumChartSize: 4
  m_AutoUVMaxDistance: 0.5
  m_AutoUVMaxAngle: 89
  m_LightmapParameters: {fileID: 0}
  m_SortingLayerID: 0
  m_SortingLayer: 0
  m_SortingOrder: 0
--- !u!1001 &4287385040215854876
PrefabInstance:
  m_ObjectHideFlags: 0
  serializedVersion: 2
  m_Modification:
    m_TransformParent: {fileID: 8530964720699127430}
    m_Modifications:
    - target: {fileID: 5375224240005552726, guid: 2b75c1f4d5c6bf24783588a58c04f012,
        type: 3}
      propertyPath: m_Name
      value: OverlapDetectionSphere
      objectReference: {fileID: 0}
    - target: {fileID: 4673714081703451522, guid: 2b75c1f4d5c6bf24783588a58c04f012,
        type: 3}
      propertyPath: m_LocalPosition.x
      value: 0
      objectReference: {fileID: 0}
    - target: {fileID: 4673714081703451522, guid: 2b75c1f4d5c6bf24783588a58c04f012,
        type: 3}
      propertyPath: m_LocalPosition.y
      value: 0
      objectReference: {fileID: 0}
    - target: {fileID: 4673714081703451522, guid: 2b75c1f4d5c6bf24783588a58c04f012,
        type: 3}
      propertyPath: m_LocalPosition.z
      value: 0
      objectReference: {fileID: 0}
    - target: {fileID: 4673714081703451522, guid: 2b75c1f4d5c6bf24783588a58c04f012,
        type: 3}
      propertyPath: m_LocalRotation.x
      value: -0
      objectReference: {fileID: 0}
    - target: {fileID: 4673714081703451522, guid: 2b75c1f4d5c6bf24783588a58c04f012,
        type: 3}
      propertyPath: m_LocalRotation.y
      value: -0
      objectReference: {fileID: 0}
    - target: {fileID: 4673714081703451522, guid: 2b75c1f4d5c6bf24783588a58c04f012,
        type: 3}
      propertyPath: m_LocalRotation.z
      value: -0.000000029802322
      objectReference: {fileID: 0}
    - target: {fileID: 4673714081703451522, guid: 2b75c1f4d5c6bf24783588a58c04f012,
        type: 3}
      propertyPath: m_LocalRotation.w
      value: 1
      objectReference: {fileID: 0}
    - target: {fileID: 4673714081703451522, guid: 2b75c1f4d5c6bf24783588a58c04f012,
        type: 3}
      propertyPath: m_RootOrder
      value: 1
      objectReference: {fileID: 0}
    - target: {fileID: 4673714081703451522, guid: 2b75c1f4d5c6bf24783588a58c04f012,
        type: 3}
      propertyPath: m_LocalEulerAnglesHint.x
      value: 0
      objectReference: {fileID: 0}
    - target: {fileID: 4673714081703451522, guid: 2b75c1f4d5c6bf24783588a58c04f012,
        type: 3}
      propertyPath: m_LocalEulerAnglesHint.y
      value: 90.00001
      objectReference: {fileID: 0}
    - target: {fileID: 4673714081703451522, guid: 2b75c1f4d5c6bf24783588a58c04f012,
        type: 3}
      propertyPath: m_LocalEulerAnglesHint.z
      value: 90.00001
      objectReference: {fileID: 0}
    m_RemovedComponents: []
  m_SourcePrefab: {fileID: 100100000, guid: 2b75c1f4d5c6bf24783588a58c04f012, type: 3}
--- !u!4 &8909113795508376734 stripped
Transform:
  m_CorrespondingSourceObject: {fileID: 4673714081703451522, guid: 2b75c1f4d5c6bf24783588a58c04f012,
    type: 3}
  m_PrefabInstance: {fileID: 4287385040215854876}
  m_PrefabAsset: {fileID: 0}
--- !u!114 &1138883573982019088 stripped
MonoBehaviour:
  m_CorrespondingSourceObject: {fileID: 3797090190533226764, guid: 2b75c1f4d5c6bf24783588a58c04f012,
    type: 3}
  m_PrefabInstance: {fileID: 4287385040215854876}
  m_PrefabAsset: {fileID: 0}
  m_GameObject: {fileID: 0}
  m_Enabled: 1
  m_EditorHideFlags: 0
  m_Script: {fileID: 11500000, guid: 434189191d8ffad49846cf417563b8e6, type: 3}
  m_Name: 
  m_EditorClassIdentifier: 
--- !u!1001 &7424745314905925389
PrefabInstance:
  m_ObjectHideFlags: 0
  serializedVersion: 2
  m_Modification:
    m_TransformParent: {fileID: 8530964720699127430}
    m_Modifications:
    - target: {fileID: 2373514918257861850, guid: 2155d440a41fd4245a6ec9b1d284b1b9,
        type: 3}
      propertyPath: m_Name
      value: RayReciever
      objectReference: {fileID: 0}
    - target: {fileID: 6676665886438453870, guid: 2155d440a41fd4245a6ec9b1d284b1b9,
        type: 3}
      propertyPath: m_LocalPosition.x
      value: 0
      objectReference: {fileID: 0}
    - target: {fileID: 6676665886438453870, guid: 2155d440a41fd4245a6ec9b1d284b1b9,
        type: 3}
      propertyPath: m_LocalPosition.y
      value: 0
      objectReference: {fileID: 0}
    - target: {fileID: 6676665886438453870, guid: 2155d440a41fd4245a6ec9b1d284b1b9,
        type: 3}
      propertyPath: m_LocalPosition.z
      value: 0
      objectReference: {fileID: 0}
    - target: {fileID: 6676665886438453870, guid: 2155d440a41fd4245a6ec9b1d284b1b9,
        type: 3}
      propertyPath: m_LocalRotation.x
      value: -0
      objectReference: {fileID: 0}
    - target: {fileID: 6676665886438453870, guid: 2155d440a41fd4245a6ec9b1d284b1b9,
        type: 3}
      propertyPath: m_LocalRotation.y
      value: -0
      objectReference: {fileID: 0}
    - target: {fileID: 6676665886438453870, guid: 2155d440a41fd4245a6ec9b1d284b1b9,
        type: 3}
      propertyPath: m_LocalRotation.z
      value: -0
      objectReference: {fileID: 0}
    - target: {fileID: 6676665886438453870, guid: 2155d440a41fd4245a6ec9b1d284b1b9,
        type: 3}
      propertyPath: m_LocalRotation.w
      value: 1
      objectReference: {fileID: 0}
    - target: {fileID: 6676665886438453870, guid: 2155d440a41fd4245a6ec9b1d284b1b9,
        type: 3}
      propertyPath: m_RootOrder
      value: 0
      objectReference: {fileID: 0}
    - target: {fileID: 6676665886438453870, guid: 2155d440a41fd4245a6ec9b1d284b1b9,
        type: 3}
      propertyPath: m_LocalEulerAnglesHint.x
      value: 0
      objectReference: {fileID: 0}
    - target: {fileID: 6676665886438453870, guid: 2155d440a41fd4245a6ec9b1d284b1b9,
        type: 3}
      propertyPath: m_LocalEulerAnglesHint.y
      value: 0
      objectReference: {fileID: 0}
    - target: {fileID: 6676665886438453870, guid: 2155d440a41fd4245a6ec9b1d284b1b9,
        type: 3}
      propertyPath: m_LocalEulerAnglesHint.z
      value: 0
      objectReference: {fileID: 0}
    - target: {fileID: 6676665886438453870, guid: 2155d440a41fd4245a6ec9b1d284b1b9,
        type: 3}
      propertyPath: m_LocalScale.x
      value: 1
      objectReference: {fileID: 0}
    - target: {fileID: 6676665886438453870, guid: 2155d440a41fd4245a6ec9b1d284b1b9,
        type: 3}
      propertyPath: m_LocalScale.y
      value: 1
      objectReference: {fileID: 0}
    m_RemovedComponents: []
  m_SourcePrefab: {fileID: 100100000, guid: 2155d440a41fd4245a6ec9b1d284b1b9, type: 3}
--- !u!4 &4296916427045557603 stripped
Transform:
  m_CorrespondingSourceObject: {fileID: 6676665886438453870, guid: 2155d440a41fd4245a6ec9b1d284b1b9,
    type: 3}
  m_PrefabInstance: {fileID: 7424745314905925389}
  m_PrefabAsset: {fileID: 0}
