%YAML 1.1
%TAG !u! tag:unity3d.com,2011:
--- !u!1 &176921066
GameObject:
  m_ObjectHideFlags: 0
  m_CorrespondingSourceObject: {fileID: 0}
  m_PrefabInstance: {fileID: 0}
  m_PrefabAsset: {fileID: 0}
  serializedVersion: 6
  m_Component:
  - component: {fileID: 176921067}
  m_Layer: 0
  m_Name: GameObject
  m_TagString: Untagged
  m_Icon: {fileID: 0}
  m_NavMeshLayer: 0
  m_StaticEditorFlags: 0
  m_IsActive: 0
--- !u!4 &176921067
Transform:
  m_ObjectHideFlags: 0
  m_CorrespondingSourceObject: {fileID: 0}
  m_PrefabInstance: {fileID: 0}
  m_PrefabAsset: {fileID: 0}
  m_GameObject: {fileID: 176921066}
  m_LocalRotation: {x: 0, y: -0.7071068, z: 0, w: 0.7071068}
  m_LocalPosition: {x: 4.5, y: 0, z: 4.5}
  m_LocalScale: {x: 1, y: 1, z: 1}
  m_Children: []
  m_Father: {fileID: 7484903748377101475}
  m_RootOrder: 0
  m_LocalEulerAnglesHint: {x: 0, y: 9270, z: 0}
--- !u!1001 &3037639927470238753
PrefabInstance:
  m_ObjectHideFlags: 0
  serializedVersion: 2
  m_Modification:
    m_TransformParent: {fileID: 7484903748377101475}
    m_Modifications:
    - target: {fileID: 1876515690579438907, guid: 549d809b84a7e844984774fd1a1674d9,
        type: 3}
      propertyPath: m_Name
      value: Target 1
      objectReference: {fileID: 0}
    - target: {fileID: 1876515690579438887, guid: 549d809b84a7e844984774fd1a1674d9,
        type: 3}
      propertyPath: m_LocalPosition.x
      value: 6.5000005
      objectReference: {fileID: 0}
    - target: {fileID: 1876515690579438887, guid: 549d809b84a7e844984774fd1a1674d9,
        type: 3}
      propertyPath: m_LocalPosition.y
      value: 0
      objectReference: {fileID: 0}
    - target: {fileID: 1876515690579438887, guid: 549d809b84a7e844984774fd1a1674d9,
        type: 3}
      propertyPath: m_LocalPosition.z
      value: 2.5000002
      objectReference: {fileID: 0}
    - target: {fileID: 1876515690579438887, guid: 549d809b84a7e844984774fd1a1674d9,
        type: 3}
      propertyPath: m_LocalRotation.x
      value: -0
      objectReference: {fileID: 0}
    - target: {fileID: 1876515690579438887, guid: 549d809b84a7e844984774fd1a1674d9,
        type: 3}
      propertyPath: m_LocalRotation.y
      value: -0
      objectReference: {fileID: 0}
    - target: {fileID: 1876515690579438887, guid: 549d809b84a7e844984774fd1a1674d9,
        type: 3}
      propertyPath: m_LocalRotation.z
      value: -0
      objectReference: {fileID: 0}
    - target: {fileID: 1876515690579438887, guid: 549d809b84a7e844984774fd1a1674d9,
        type: 3}
      propertyPath: m_LocalRotation.w
      value: 1
      objectReference: {fileID: 0}
    - target: {fileID: 1876515690579438887, guid: 549d809b84a7e844984774fd1a1674d9,
        type: 3}
      propertyPath: m_RootOrder
      value: 13
      objectReference: {fileID: 0}
    - target: {fileID: 1876515690579438887, guid: 549d809b84a7e844984774fd1a1674d9,
        type: 3}
      propertyPath: m_LocalEulerAnglesHint.x
      value: 0
      objectReference: {fileID: 0}
    - target: {fileID: 1876515690579438887, guid: 549d809b84a7e844984774fd1a1674d9,
        type: 3}
      propertyPath: m_LocalEulerAnglesHint.y
      value: 90
      objectReference: {fileID: 0}
    - target: {fileID: 1876515690579438887, guid: 549d809b84a7e844984774fd1a1674d9,
        type: 3}
      propertyPath: m_LocalEulerAnglesHint.z
      value: 0
      objectReference: {fileID: 0}
    m_RemovedComponents: []
  m_SourcePrefab: {fileID: 100100000, guid: 549d809b84a7e844984774fd1a1674d9, type: 3}
--- !u!1001 &3037639927511970872
PrefabInstance:
  m_ObjectHideFlags: 0
  serializedVersion: 2
  m_Modification:
    m_TransformParent: {fileID: 7484903748377101475}
    m_Modifications:
    - target: {fileID: 244441320, guid: 220a777901f36514d990c316a74fca64, type: 3}
      propertyPath: m_Name
      value: RampForm2 (0)
      objectReference: {fileID: 0}
    - target: {fileID: 1003013521, guid: 220a777901f36514d990c316a74fca64, type: 3}
      propertyPath: m_LocalPosition.x
      value: 2.4999995
      objectReference: {fileID: 0}
    - target: {fileID: 1003013521, guid: 220a777901f36514d990c316a74fca64, type: 3}
      propertyPath: m_LocalPosition.y
      value: 10
      objectReference: {fileID: 0}
    - target: {fileID: 1003013521, guid: 220a777901f36514d990c316a74fca64, type: 3}
      propertyPath: m_LocalPosition.z
      value: 5.5
      objectReference: {fileID: 0}
    - target: {fileID: 1003013521, guid: 220a777901f36514d990c316a74fca64, type: 3}
      propertyPath: m_LocalRotation.x
      value: -0
      objectReference: {fileID: 0}
    - target: {fileID: 1003013521, guid: 220a777901f36514d990c316a74fca64, type: 3}
      propertyPath: m_LocalRotation.y
      value: -0.7071068
      objectReference: {fileID: 0}
    - target: {fileID: 1003013521, guid: 220a777901f36514d990c316a74fca64, type: 3}
      propertyPath: m_LocalRotation.z
      value: -0
      objectReference: {fileID: 0}
    - target: {fileID: 1003013521, guid: 220a777901f36514d990c316a74fca64, type: 3}
      propertyPath: m_LocalRotation.w
      value: 0.7071068
      objectReference: {fileID: 0}
    - target: {fileID: 1003013521, guid: 220a777901f36514d990c316a74fca64, type: 3}
      propertyPath: m_RootOrder
      value: 1
      objectReference: {fileID: 0}
    - target: {fileID: 1003013521, guid: 220a777901f36514d990c316a74fca64, type: 3}
      propertyPath: m_LocalEulerAnglesHint.x
      value: 0
      objectReference: {fileID: 0}
    - target: {fileID: 1003013521, guid: 220a777901f36514d990c316a74fca64, type: 3}
      propertyPath: m_LocalEulerAnglesHint.y
      value: 0
      objectReference: {fileID: 0}
    - target: {fileID: 1003013521, guid: 220a777901f36514d990c316a74fca64, type: 3}
      propertyPath: m_LocalEulerAnglesHint.z
      value: 0
      objectReference: {fileID: 0}
    - target: {fileID: 7519655934283268337, guid: 220a777901f36514d990c316a74fca64,
        type: 3}
      propertyPath: isPlacable
      value: 1
      objectReference: {fileID: 0}
    - target: {fileID: 7519655934283268337, guid: 220a777901f36514d990c316a74fca64,
        type: 3}
      propertyPath: machineRoot
      value: 
      objectReference: {fileID: 9020889097518339895}
    - target: {fileID: 7519655934283268337, guid: 220a777901f36514d990c316a74fca64,
        type: 3}
      propertyPath: placementCopy
      value: 
      objectReference: {fileID: 2716499453924538224}
    - target: {fileID: 7519655934283268337, guid: 220a777901f36514d990c316a74fca64,
        type: 3}
      propertyPath: uiPlacementTransform
      value: 
      objectReference: {fileID: 7178310248646481401}
    - target: {fileID: 6786899359589765780, guid: 220a777901f36514d990c316a74fca64,
        type: 3}
      propertyPath: renderers.Array.data[0]
      value: 
      objectReference: {fileID: 7284898246807046084}
    m_RemovedComponents: []
  m_SourcePrefab: {fileID: 100100000, guid: 220a777901f36514d990c316a74fca64, type: 3}
--- !u!1 &2716499453924538224 stripped
GameObject:
  m_CorrespondingSourceObject: {fileID: 1122852850168365896, guid: 220a777901f36514d990c316a74fca64,
    type: 3}
  m_PrefabInstance: {fileID: 3037639927511970872}
  m_PrefabAsset: {fileID: 0}
--- !u!23 &7284898246807046084 stripped
MeshRenderer:
  m_CorrespondingSourceObject: {fileID: 5710270965186311164, guid: 220a777901f36514d990c316a74fca64,
    type: 3}
  m_PrefabInstance: {fileID: 3037639927511970872}
  m_PrefabAsset: {fileID: 0}
--- !u!1 &9020889097518339895 stripped
GameObject:
  m_CorrespondingSourceObject: {fileID: 6275625057186390799, guid: 220a777901f36514d990c316a74fca64,
    type: 3}
  m_PrefabInstance: {fileID: 3037639927511970872}
  m_PrefabAsset: {fileID: 0}
--- !u!4 &7178310248646481401 stripped
Transform:
  m_CorrespondingSourceObject: {fileID: 5312460063778693569, guid: 220a777901f36514d990c316a74fca64,
    type: 3}
  m_PrefabInstance: {fileID: 3037639927511970872}
  m_PrefabAsset: {fileID: 0}
--- !u!1001 &3037639927540534956
PrefabInstance:
  m_ObjectHideFlags: 0
  serializedVersion: 2
  m_Modification:
    m_TransformParent: {fileID: 7484903748377101475}
    m_Modifications:
    - target: {fileID: 244441320, guid: 220a777901f36514d990c316a74fca64, type: 3}
      propertyPath: m_Name
      value: RampForm2 (2)
      objectReference: {fileID: 0}
    - target: {fileID: 1003013521, guid: 220a777901f36514d990c316a74fca64, type: 3}
      propertyPath: m_LocalPosition.x
      value: 5.5
      objectReference: {fileID: 0}
    - target: {fileID: 1003013521, guid: 220a777901f36514d990c316a74fca64, type: 3}
      propertyPath: m_LocalPosition.y
      value: 4
      objectReference: {fileID: 0}
    - target: {fileID: 1003013521, guid: 220a777901f36514d990c316a74fca64, type: 3}
      propertyPath: m_LocalPosition.z
      value: 6.5000005
      objectReference: {fileID: 0}
    - target: {fileID: 1003013521, guid: 220a777901f36514d990c316a74fca64, type: 3}
      propertyPath: m_LocalRotation.x
      value: -0
      objectReference: {fileID: 0}
    - target: {fileID: 1003013521, guid: 220a777901f36514d990c316a74fca64, type: 3}
      propertyPath: m_LocalRotation.y
      value: -0
      objectReference: {fileID: 0}
    - target: {fileID: 1003013521, guid: 220a777901f36514d990c316a74fca64, type: 3}
      propertyPath: m_LocalRotation.z
      value: -0
      objectReference: {fileID: 0}
    - target: {fileID: 1003013521, guid: 220a777901f36514d990c316a74fca64, type: 3}
      propertyPath: m_LocalRotation.w
      value: -1
      objectReference: {fileID: 0}
    - target: {fileID: 1003013521, guid: 220a777901f36514d990c316a74fca64, type: 3}
      propertyPath: m_RootOrder
      value: 7
      objectReference: {fileID: 0}
    - target: {fileID: 1003013521, guid: 220a777901f36514d990c316a74fca64, type: 3}
      propertyPath: m_LocalEulerAnglesHint.x
      value: 0
      objectReference: {fileID: 0}
    - target: {fileID: 1003013521, guid: 220a777901f36514d990c316a74fca64, type: 3}
      propertyPath: m_LocalEulerAnglesHint.y
      value: 270
      objectReference: {fileID: 0}
    - target: {fileID: 1003013521, guid: 220a777901f36514d990c316a74fca64, type: 3}
      propertyPath: m_LocalEulerAnglesHint.z
      value: 0
      objectReference: {fileID: 0}
    - target: {fileID: 1003013521, guid: 220a777901f36514d990c316a74fca64, type: 3}
      propertyPath: m_LocalScale.x
      value: 1
      objectReference: {fileID: 0}
    - target: {fileID: 1003013521, guid: 220a777901f36514d990c316a74fca64, type: 3}
      propertyPath: m_LocalScale.z
      value: 1
      objectReference: {fileID: 0}
    - target: {fileID: 7519655934283268337, guid: 220a777901f36514d990c316a74fca64,
        type: 3}
      propertyPath: isPlacable
      value: 0
      objectReference: {fileID: 0}
    - target: {fileID: 7519655934283268337, guid: 220a777901f36514d990c316a74fca64,
        type: 3}
      propertyPath: machineRoot
      value: 
      objectReference: {fileID: 9020889097416895907}
    - target: {fileID: 7519655934283268337, guid: 220a777901f36514d990c316a74fca64,
        type: 3}
      propertyPath: placementCopy
      value: 
      objectReference: {fileID: 2716499453825175012}
    - target: {fileID: 7519655934283268337, guid: 220a777901f36514d990c316a74fca64,
        type: 3}
      propertyPath: uiPlacementTransform
      value: 
      objectReference: {fileID: 7178310248684498797}
    - target: {fileID: 6786899359589765780, guid: 220a777901f36514d990c316a74fca64,
        type: 3}
      propertyPath: renderers.Array.data[0]
      value: 
      objectReference: {fileID: 7284898246905888080}
    m_RemovedComponents: []
  m_SourcePrefab: {fileID: 100100000, guid: 220a777901f36514d990c316a74fca64, type: 3}
--- !u!1 &2716499453825175012 stripped
GameObject:
  m_CorrespondingSourceObject: {fileID: 1122852850168365896, guid: 220a777901f36514d990c316a74fca64,
    type: 3}
  m_PrefabInstance: {fileID: 3037639927540534956}
  m_PrefabAsset: {fileID: 0}
--- !u!1 &9020889097416895907 stripped
GameObject:
  m_CorrespondingSourceObject: {fileID: 6275625057186390799, guid: 220a777901f36514d990c316a74fca64,
    type: 3}
  m_PrefabInstance: {fileID: 3037639927540534956}
  m_PrefabAsset: {fileID: 0}
--- !u!4 &7178310248684498797 stripped
Transform:
  m_CorrespondingSourceObject: {fileID: 5312460063778693569, guid: 220a777901f36514d990c316a74fca64,
    type: 3}
  m_PrefabInstance: {fileID: 3037639927540534956}
  m_PrefabAsset: {fileID: 0}
--- !u!23 &7284898246905888080 stripped
MeshRenderer:
  m_CorrespondingSourceObject: {fileID: 5710270965186311164, guid: 220a777901f36514d990c316a74fca64,
    type: 3}
  m_PrefabInstance: {fileID: 3037639927540534956}
  m_PrefabAsset: {fileID: 0}
--- !u!1001 &3037639928058149829
PrefabInstance:
  m_ObjectHideFlags: 0
  serializedVersion: 2
  m_Modification:
    m_TransformParent: {fileID: 7484903748377101475}
    m_Modifications:
    - target: {fileID: 6010296739304017493, guid: 952ef3ad5a0d61443830cefb77a499ea,
        type: 3}
      propertyPath: m_Name
      value: TurnForm Variant (4)
      objectReference: {fileID: 0}
    - target: {fileID: 609946081829181217, guid: 952ef3ad5a0d61443830cefb77a499ea,
        type: 3}
      propertyPath: m_LocalPosition.x
      value: 2.5
      objectReference: {fileID: 0}
    - target: {fileID: 609946081829181217, guid: 952ef3ad5a0d61443830cefb77a499ea,
        type: 3}
      propertyPath: m_LocalPosition.y
      value: 0
      objectReference: {fileID: 0}
    - target: {fileID: 609946081829181217, guid: 952ef3ad5a0d61443830cefb77a499ea,
        type: 3}
      propertyPath: m_LocalPosition.z
      value: 2.4999995
      objectReference: {fileID: 0}
    - target: {fileID: 609946081829181217, guid: 952ef3ad5a0d61443830cefb77a499ea,
        type: 3}
      propertyPath: m_LocalRotation.x
      value: -0
      objectReference: {fileID: 0}
    - target: {fileID: 609946081829181217, guid: 952ef3ad5a0d61443830cefb77a499ea,
        type: 3}
      propertyPath: m_LocalRotation.y
      value: -0.7071068
      objectReference: {fileID: 0}
    - target: {fileID: 609946081829181217, guid: 952ef3ad5a0d61443830cefb77a499ea,
        type: 3}
      propertyPath: m_LocalRotation.z
      value: -0
      objectReference: {fileID: 0}
    - target: {fileID: 609946081829181217, guid: 952ef3ad5a0d61443830cefb77a499ea,
        type: 3}
      propertyPath: m_LocalRotation.w
      value: 0.7071068
      objectReference: {fileID: 0}
    - target: {fileID: 609946081829181217, guid: 952ef3ad5a0d61443830cefb77a499ea,
        type: 3}
      propertyPath: m_RootOrder
      value: 12
      objectReference: {fileID: 0}
    - target: {fileID: 609946081829181217, guid: 952ef3ad5a0d61443830cefb77a499ea,
        type: 3}
      propertyPath: m_LocalEulerAnglesHint.x
      value: 0
      objectReference: {fileID: 0}
    - target: {fileID: 609946081829181217, guid: 952ef3ad5a0d61443830cefb77a499ea,
        type: 3}
      propertyPath: m_LocalEulerAnglesHint.y
      value: 0
      objectReference: {fileID: 0}
    - target: {fileID: 609946081829181217, guid: 952ef3ad5a0d61443830cefb77a499ea,
        type: 3}
      propertyPath: m_LocalEulerAnglesHint.z
      value: 0
      objectReference: {fileID: 0}
    - target: {fileID: 5787210889657163536, guid: 952ef3ad5a0d61443830cefb77a499ea,
        type: 3}
      propertyPath: machineRoot
      value: 
      objectReference: {fileID: 8816374814389965717}
    - target: {fileID: 5787210889657163536, guid: 952ef3ad5a0d61443830cefb77a499ea,
        type: 3}
      propertyPath: placementCopy
      value: 
      objectReference: {fileID: 3553001495960061900}
    - target: {fileID: 5787210889657163536, guid: 952ef3ad5a0d61443830cefb77a499ea,
        type: 3}
      propertyPath: uiPlacementTransform
      value: 
      objectReference: {fileID: 841873636568730991}
    - target: {fileID: 5391887199005175253, guid: 952ef3ad5a0d61443830cefb77a499ea,
        type: 3}
      propertyPath: renderers.Array.data[0]
      value: 
      objectReference: {fileID: 93675489884160223}
    m_RemovedComponents: []
  m_SourcePrefab: {fileID: 100100000, guid: 952ef3ad5a0d61443830cefb77a499ea, type: 3}
--- !u!4 &841873636568730991 stripped
Transform:
  m_CorrespondingSourceObject: {fileID: 2416518711734236842, guid: 952ef3ad5a0d61443830cefb77a499ea,
    type: 3}
  m_PrefabInstance: {fileID: 3037639928058149829}
  m_PrefabAsset: {fileID: 0}
--- !u!1 &8816374814389965717 stripped
GameObject:
  m_CorrespondingSourceObject: {fileID: 5800024188850333776, guid: 952ef3ad5a0d61443830cefb77a499ea,
    type: 3}
  m_PrefabInstance: {fileID: 3037639928058149829}
  m_PrefabAsset: {fileID: 0}
--- !u!1 &3553001495960061900 stripped
GameObject:
  m_CorrespondingSourceObject: {fileID: 1975129026705193993, guid: 952ef3ad5a0d61443830cefb77a499ea,
    type: 3}
  m_PrefabInstance: {fileID: 3037639928058149829}
  m_PrefabAsset: {fileID: 0}
--- !u!23 &93675489884160223 stripped
MeshRenderer:
  m_CorrespondingSourceObject: {fileID: 3128612195517479706, guid: 952ef3ad5a0d61443830cefb77a499ea,
    type: 3}
  m_PrefabInstance: {fileID: 3037639928058149829}
  m_PrefabAsset: {fileID: 0}
--- !u!1001 &3037639928083464352
PrefabInstance:
  m_ObjectHideFlags: 0
  serializedVersion: 2
  m_Modification:
    m_TransformParent: {fileID: 7484903748377101475}
    m_Modifications:
    - target: {fileID: 244441320, guid: 220a777901f36514d990c316a74fca64, type: 3}
      propertyPath: m_Name
      value: RampForm2 (2)
      objectReference: {fileID: 0}
    - target: {fileID: 1003013521, guid: 220a777901f36514d990c316a74fca64, type: 3}
      propertyPath: m_LocalPosition.x
      value: 2.4999995
      objectReference: {fileID: 0}
    - target: {fileID: 1003013521, guid: 220a777901f36514d990c316a74fca64, type: 3}
      propertyPath: m_LocalPosition.y
      value: 2
      objectReference: {fileID: 0}
    - target: {fileID: 1003013521, guid: 220a777901f36514d990c316a74fca64, type: 3}
      propertyPath: m_LocalPosition.z
      value: 5.5
      objectReference: {fileID: 0}
    - target: {fileID: 1003013521, guid: 220a777901f36514d990c316a74fca64, type: 3}
      propertyPath: m_LocalRotation.x
      value: -0
      objectReference: {fileID: 0}
    - target: {fileID: 1003013521, guid: 220a777901f36514d990c316a74fca64, type: 3}
      propertyPath: m_LocalRotation.y
      value: 0.7071068
      objectReference: {fileID: 0}
    - target: {fileID: 1003013521, guid: 220a777901f36514d990c316a74fca64, type: 3}
      propertyPath: m_LocalRotation.z
      value: -0
      objectReference: {fileID: 0}
    - target: {fileID: 1003013521, guid: 220a777901f36514d990c316a74fca64, type: 3}
      propertyPath: m_LocalRotation.w
      value: -0.7071068
      objectReference: {fileID: 0}
    - target: {fileID: 1003013521, guid: 220a777901f36514d990c316a74fca64, type: 3}
      propertyPath: m_RootOrder
      value: 10
      objectReference: {fileID: 0}
    - target: {fileID: 1003013521, guid: 220a777901f36514d990c316a74fca64, type: 3}
      propertyPath: m_LocalEulerAnglesHint.x
      value: 0
      objectReference: {fileID: 0}
    - target: {fileID: 1003013521, guid: 220a777901f36514d990c316a74fca64, type: 3}
      propertyPath: m_LocalEulerAnglesHint.y
      value: 270
      objectReference: {fileID: 0}
    - target: {fileID: 1003013521, guid: 220a777901f36514d990c316a74fca64, type: 3}
      propertyPath: m_LocalEulerAnglesHint.z
      value: 0
      objectReference: {fileID: 0}
    - target: {fileID: 1003013521, guid: 220a777901f36514d990c316a74fca64, type: 3}
      propertyPath: m_LocalScale.x
      value: 1
      objectReference: {fileID: 0}
    - target: {fileID: 1003013521, guid: 220a777901f36514d990c316a74fca64, type: 3}
      propertyPath: m_LocalScale.z
      value: 1
      objectReference: {fileID: 0}
    - target: {fileID: 7519655934283268337, guid: 220a777901f36514d990c316a74fca64,
        type: 3}
      propertyPath: isPlacable
      value: 0
      objectReference: {fileID: 0}
    - target: {fileID: 7519655934283268337, guid: 220a777901f36514d990c316a74fca64,
        type: 3}
      propertyPath: machineRoot
      value: 
      objectReference: {fileID: 9020889096881955759}
    - target: {fileID: 7519655934283268337, guid: 220a777901f36514d990c316a74fca64,
        type: 3}
      propertyPath: placementCopy
      value: 
      objectReference: {fileID: 2716499454359716840}
    - target: {fileID: 7519655934283268337, guid: 220a777901f36514d990c316a74fca64,
        type: 3}
      propertyPath: uiPlacementTransform
      value: 
      objectReference: {fileID: 7178310249215893857}
    - target: {fileID: 6786899359589765780, guid: 220a777901f36514d990c316a74fca64,
        type: 3}
      propertyPath: renderers.Array.data[0]
      value: 
      objectReference: {fileID: 7284898247445672796}
    m_RemovedComponents: []
  m_SourcePrefab: {fileID: 100100000, guid: 220a777901f36514d990c316a74fca64, type: 3}
--- !u!1 &9020889096881955759 stripped
GameObject:
  m_CorrespondingSourceObject: {fileID: 6275625057186390799, guid: 220a777901f36514d990c316a74fca64,
    type: 3}
  m_PrefabInstance: {fileID: 3037639928083464352}
  m_PrefabAsset: {fileID: 0}
--- !u!23 &7284898247445672796 stripped
MeshRenderer:
  m_CorrespondingSourceObject: {fileID: 5710270965186311164, guid: 220a777901f36514d990c316a74fca64,
    type: 3}
  m_PrefabInstance: {fileID: 3037639928083464352}
  m_PrefabAsset: {fileID: 0}
--- !u!1 &2716499454359716840 stripped
GameObject:
  m_CorrespondingSourceObject: {fileID: 1122852850168365896, guid: 220a777901f36514d990c316a74fca64,
    type: 3}
  m_PrefabInstance: {fileID: 3037639928083464352}
  m_PrefabAsset: {fileID: 0}
--- !u!4 &7178310249215893857 stripped
Transform:
  m_CorrespondingSourceObject: {fileID: 5312460063778693569, guid: 220a777901f36514d990c316a74fca64,
    type: 3}
  m_PrefabInstance: {fileID: 3037639928083464352}
  m_PrefabAsset: {fileID: 0}
--- !u!1001 &3037639928362585374
PrefabInstance:
  m_ObjectHideFlags: 0
  serializedVersion: 2
  m_Modification:
    m_TransformParent: {fileID: 7484903748377101475}
    m_Modifications:
    - target: {fileID: 6010296739304017493, guid: 952ef3ad5a0d61443830cefb77a499ea,
        type: 3}
      propertyPath: m_Name
      value: TurnForm Variant (2)
      objectReference: {fileID: 0}
    - target: {fileID: 609946081829181217, guid: 952ef3ad5a0d61443830cefb77a499ea,
        type: 3}
      propertyPath: m_LocalPosition.x
      value: 6.5
      objectReference: {fileID: 0}
    - target: {fileID: 609946081829181217, guid: 952ef3ad5a0d61443830cefb77a499ea,
        type: 3}
      propertyPath: m_LocalPosition.y
      value: 4
      objectReference: {fileID: 0}
    - target: {fileID: 609946081829181217, guid: 952ef3ad5a0d61443830cefb77a499ea,
        type: 3}
      propertyPath: m_LocalPosition.z
      value: 6.5000005
      objectReference: {fileID: 0}
    - target: {fileID: 609946081829181217, guid: 952ef3ad5a0d61443830cefb77a499ea,
        type: 3}
      propertyPath: m_LocalRotation.x
      value: -0
      objectReference: {fileID: 0}
    - target: {fileID: 609946081829181217, guid: 952ef3ad5a0d61443830cefb77a499ea,
        type: 3}
      propertyPath: m_LocalRotation.y
      value: 0.7071068
      objectReference: {fileID: 0}
    - target: {fileID: 609946081829181217, guid: 952ef3ad5a0d61443830cefb77a499ea,
        type: 3}
      propertyPath: m_LocalRotation.z
      value: -0
      objectReference: {fileID: 0}
    - target: {fileID: 609946081829181217, guid: 952ef3ad5a0d61443830cefb77a499ea,
        type: 3}
      propertyPath: m_LocalRotation.w
      value: 0.7071068
      objectReference: {fileID: 0}
    - target: {fileID: 609946081829181217, guid: 952ef3ad5a0d61443830cefb77a499ea,
        type: 3}
      propertyPath: m_RootOrder
      value: 8
      objectReference: {fileID: 0}
    - target: {fileID: 609946081829181217, guid: 952ef3ad5a0d61443830cefb77a499ea,
        type: 3}
      propertyPath: m_LocalEulerAnglesHint.x
      value: 0
      objectReference: {fileID: 0}
    - target: {fileID: 609946081829181217, guid: 952ef3ad5a0d61443830cefb77a499ea,
        type: 3}
      propertyPath: m_LocalEulerAnglesHint.y
      value: 180
      objectReference: {fileID: 0}
    - target: {fileID: 609946081829181217, guid: 952ef3ad5a0d61443830cefb77a499ea,
        type: 3}
      propertyPath: m_LocalEulerAnglesHint.z
      value: 0
      objectReference: {fileID: 0}
    - target: {fileID: 5787210889657163536, guid: 952ef3ad5a0d61443830cefb77a499ea,
        type: 3}
      propertyPath: machineRoot
      value: 
      objectReference: {fileID: 8816374814156563790}
    - target: {fileID: 5787210889657163536, guid: 952ef3ad5a0d61443830cefb77a499ea,
        type: 3}
      propertyPath: placementCopy
      value: 
      objectReference: {fileID: 3553001495669190935}
    - target: {fileID: 5787210889657163536, guid: 952ef3ad5a0d61443830cefb77a499ea,
        type: 3}
      propertyPath: uiPlacementTransform
      value: 
      objectReference: {fileID: 841873636806146996}
    - target: {fileID: 5391887199005175253, guid: 952ef3ad5a0d61443830cefb77a499ea,
        type: 3}
      propertyPath: renderers.Array.data[0]
      value: 
      objectReference: {fileID: 93675489643623940}
    m_RemovedComponents: []
  m_SourcePrefab: {fileID: 100100000, guid: 952ef3ad5a0d61443830cefb77a499ea, type: 3}
--- !u!4 &841873636806146996 stripped
Transform:
  m_CorrespondingSourceObject: {fileID: 2416518711734236842, guid: 952ef3ad5a0d61443830cefb77a499ea,
    type: 3}
  m_PrefabInstance: {fileID: 3037639928362585374}
  m_PrefabAsset: {fileID: 0}
--- !u!23 &93675489643623940 stripped
MeshRenderer:
  m_CorrespondingSourceObject: {fileID: 3128612195517479706, guid: 952ef3ad5a0d61443830cefb77a499ea,
    type: 3}
  m_PrefabInstance: {fileID: 3037639928362585374}
  m_PrefabAsset: {fileID: 0}
--- !u!1 &3553001495669190935 stripped
GameObject:
  m_CorrespondingSourceObject: {fileID: 1975129026705193993, guid: 952ef3ad5a0d61443830cefb77a499ea,
    type: 3}
  m_PrefabInstance: {fileID: 3037639928362585374}
  m_PrefabAsset: {fileID: 0}
--- !u!1 &8816374814156563790 stripped
GameObject:
  m_CorrespondingSourceObject: {fileID: 5800024188850333776, guid: 952ef3ad5a0d61443830cefb77a499ea,
    type: 3}
  m_PrefabInstance: {fileID: 3037639928362585374}
  m_PrefabAsset: {fileID: 0}
--- !u!1001 &3037639928541833081
PrefabInstance:
  m_ObjectHideFlags: 0
  serializedVersion: 2
  m_Modification:
    m_TransformParent: {fileID: 7484903748377101475}
    m_Modifications:
    - target: {fileID: 244441320, guid: 220a777901f36514d990c316a74fca64, type: 3}
      propertyPath: m_Name
      value: RampForm2 (1)
      objectReference: {fileID: 0}
    - target: {fileID: 1003013521, guid: 220a777901f36514d990c316a74fca64, type: 3}
      propertyPath: m_LocalPosition.x
      value: 3.5
      objectReference: {fileID: 0}
    - target: {fileID: 1003013521, guid: 220a777901f36514d990c316a74fca64, type: 3}
      propertyPath: m_LocalPosition.y
      value: 8
      objectReference: {fileID: 0}
    - target: {fileID: 1003013521, guid: 220a777901f36514d990c316a74fca64, type: 3}
      propertyPath: m_LocalPosition.z
      value: 2.4999995
      objectReference: {fileID: 0}
    - target: {fileID: 1003013521, guid: 220a777901f36514d990c316a74fca64, type: 3}
      propertyPath: m_LocalRotation.x
      value: -0
      objectReference: {fileID: 0}
    - target: {fileID: 1003013521, guid: 220a777901f36514d990c316a74fca64, type: 3}
      propertyPath: m_LocalRotation.y
      value: 1
      objectReference: {fileID: 0}
    - target: {fileID: 1003013521, guid: 220a777901f36514d990c316a74fca64, type: 3}
      propertyPath: m_LocalRotation.z
      value: -0
      objectReference: {fileID: 0}
    - target: {fileID: 1003013521, guid: 220a777901f36514d990c316a74fca64, type: 3}
      propertyPath: m_LocalRotation.w
      value: 0
      objectReference: {fileID: 0}
    - target: {fileID: 1003013521, guid: 220a777901f36514d990c316a74fca64, type: 3}
      propertyPath: m_RootOrder
      value: 4
      objectReference: {fileID: 0}
    - target: {fileID: 1003013521, guid: 220a777901f36514d990c316a74fca64, type: 3}
      propertyPath: m_LocalEulerAnglesHint.x
      value: 0
      objectReference: {fileID: 0}
    - target: {fileID: 1003013521, guid: 220a777901f36514d990c316a74fca64, type: 3}
      propertyPath: m_LocalEulerAnglesHint.y
      value: 270
      objectReference: {fileID: 0}
    - target: {fileID: 1003013521, guid: 220a777901f36514d990c316a74fca64, type: 3}
      propertyPath: m_LocalEulerAnglesHint.z
      value: 0
      objectReference: {fileID: 0}
    - target: {fileID: 1003013521, guid: 220a777901f36514d990c316a74fca64, type: 3}
      propertyPath: m_LocalScale.x
      value: 1
      objectReference: {fileID: 0}
    - target: {fileID: 1003013521, guid: 220a777901f36514d990c316a74fca64, type: 3}
      propertyPath: m_LocalScale.z
      value: 1
      objectReference: {fileID: 0}
    - target: {fileID: 7519655934283268337, guid: 220a777901f36514d990c316a74fca64,
        type: 3}
      propertyPath: isPlacable
      value: 1
      objectReference: {fileID: 0}
    - target: {fileID: 7519655934283268337, guid: 220a777901f36514d990c316a74fca64,
        type: 3}
      propertyPath: machineRoot
      value: 
      objectReference: {fileID: 9020889096404714614}
    - target: {fileID: 7519655934283268337, guid: 220a777901f36514d990c316a74fca64,
        type: 3}
      propertyPath: placementCopy
      value: 
      objectReference: {fileID: 2716499452806652977}
    - target: {fileID: 7519655934283268337, guid: 220a777901f36514d990c316a74fca64,
        type: 3}
      propertyPath: uiPlacementTransform
      value: 
      objectReference: {fileID: 7178310249697052344}
    - target: {fileID: 6786899359589765780, guid: 220a777901f36514d990c316a74fca64,
        type: 3}
      propertyPath: renderers.Array.data[0]
      value: 
      objectReference: {fileID: 7284898245760734341}
    m_RemovedComponents: []
  m_SourcePrefab: {fileID: 100100000, guid: 220a777901f36514d990c316a74fca64, type: 3}
--- !u!1 &2716499452806652977 stripped
GameObject:
  m_CorrespondingSourceObject: {fileID: 1122852850168365896, guid: 220a777901f36514d990c316a74fca64,
    type: 3}
  m_PrefabInstance: {fileID: 3037639928541833081}
  m_PrefabAsset: {fileID: 0}
--- !u!23 &7284898245760734341 stripped
MeshRenderer:
  m_CorrespondingSourceObject: {fileID: 5710270965186311164, guid: 220a777901f36514d990c316a74fca64,
    type: 3}
  m_PrefabInstance: {fileID: 3037639928541833081}
  m_PrefabAsset: {fileID: 0}
--- !u!1 &9020889096404714614 stripped
GameObject:
  m_CorrespondingSourceObject: {fileID: 6275625057186390799, guid: 220a777901f36514d990c316a74fca64,
    type: 3}
  m_PrefabInstance: {fileID: 3037639928541833081}
  m_PrefabAsset: {fileID: 0}
--- !u!4 &7178310249697052344 stripped
Transform:
  m_CorrespondingSourceObject: {fileID: 5312460063778693569, guid: 220a777901f36514d990c316a74fca64,
    type: 3}
  m_PrefabInstance: {fileID: 3037639928541833081}
  m_PrefabAsset: {fileID: 0}
--- !u!1001 &3037639928937369843
PrefabInstance:
  m_ObjectHideFlags: 0
  serializedVersion: 2
  m_Modification:
    m_TransformParent: {fileID: 7484903748377101475}
    m_Modifications:
    - target: {fileID: 244441320, guid: 220a777901f36514d990c316a74fca64, type: 3}
      propertyPath: m_Name
      value: RampForm2 (2)
      objectReference: {fileID: 0}
    - target: {fileID: 1003013521, guid: 220a777901f36514d990c316a74fca64, type: 3}
      propertyPath: m_LocalPosition.x
      value: 6.5000005
      objectReference: {fileID: 0}
    - target: {fileID: 1003013521, guid: 220a777901f36514d990c316a74fca64, type: 3}
      propertyPath: m_LocalPosition.y
      value: 6
      objectReference: {fileID: 0}
    - target: {fileID: 1003013521, guid: 220a777901f36514d990c316a74fca64, type: 3}
      propertyPath: m_LocalPosition.z
      value: 3.5000002
      objectReference: {fileID: 0}
    - target: {fileID: 1003013521, guid: 220a777901f36514d990c316a74fca64, type: 3}
      propertyPath: m_LocalRotation.x
      value: -0
      objectReference: {fileID: 0}
    - target: {fileID: 1003013521, guid: 220a777901f36514d990c316a74fca64, type: 3}
      propertyPath: m_LocalRotation.y
      value: -0.7071068
      objectReference: {fileID: 0}
    - target: {fileID: 1003013521, guid: 220a777901f36514d990c316a74fca64, type: 3}
      propertyPath: m_LocalRotation.z
      value: -0
      objectReference: {fileID: 0}
    - target: {fileID: 1003013521, guid: 220a777901f36514d990c316a74fca64, type: 3}
      propertyPath: m_LocalRotation.w
      value: -0.7071068
      objectReference: {fileID: 0}
    - target: {fileID: 1003013521, guid: 220a777901f36514d990c316a74fca64, type: 3}
      propertyPath: m_RootOrder
      value: 5
      objectReference: {fileID: 0}
    - target: {fileID: 1003013521, guid: 220a777901f36514d990c316a74fca64, type: 3}
      propertyPath: m_LocalEulerAnglesHint.x
      value: 0
      objectReference: {fileID: 0}
    - target: {fileID: 1003013521, guid: 220a777901f36514d990c316a74fca64, type: 3}
      propertyPath: m_LocalEulerAnglesHint.y
      value: 270
      objectReference: {fileID: 0}
    - target: {fileID: 1003013521, guid: 220a777901f36514d990c316a74fca64, type: 3}
      propertyPath: m_LocalEulerAnglesHint.z
      value: 0
      objectReference: {fileID: 0}
    - target: {fileID: 1003013521, guid: 220a777901f36514d990c316a74fca64, type: 3}
      propertyPath: m_LocalScale.x
      value: 1
      objectReference: {fileID: 0}
    - target: {fileID: 1003013521, guid: 220a777901f36514d990c316a74fca64, type: 3}
      propertyPath: m_LocalScale.z
      value: 1
      objectReference: {fileID: 0}
    - target: {fileID: 7519655934283268337, guid: 220a777901f36514d990c316a74fca64,
        type: 3}
      propertyPath: isPlacable
      value: 1
      objectReference: {fileID: 0}
    - target: {fileID: 7519655934283268337, guid: 220a777901f36514d990c316a74fca64,
        type: 3}
      propertyPath: machineRoot
      value: 
      objectReference: {fileID: 9020889096632431612}
    - target: {fileID: 7519655934283268337, guid: 220a777901f36514d990c316a74fca64,
        type: 3}
      propertyPath: placementCopy
      value: 
      objectReference: {fileID: 2716499452495451067}
    - target: {fileID: 7519655934283268337, guid: 220a777901f36514d990c316a74fca64,
        type: 3}
      propertyPath: uiPlacementTransform
      value: 
      objectReference: {fileID: 7178310250072682802}
    - target: {fileID: 6786899359589765780, guid: 220a777901f36514d990c316a74fca64,
        type: 3}
      propertyPath: renderers.Array.data[0]
      value: 
      objectReference: {fileID: 7284898246054568719}
    m_RemovedComponents: []
  m_SourcePrefab: {fileID: 100100000, guid: 220a777901f36514d990c316a74fca64, type: 3}
--- !u!1 &9020889096632431612 stripped
GameObject:
  m_CorrespondingSourceObject: {fileID: 6275625057186390799, guid: 220a777901f36514d990c316a74fca64,
    type: 3}
  m_PrefabInstance: {fileID: 3037639928937369843}
  m_PrefabAsset: {fileID: 0}
--- !u!4 &7178310250072682802 stripped
Transform:
  m_CorrespondingSourceObject: {fileID: 5312460063778693569, guid: 220a777901f36514d990c316a74fca64,
    type: 3}
  m_PrefabInstance: {fileID: 3037639928937369843}
  m_PrefabAsset: {fileID: 0}
--- !u!23 &7284898246054568719 stripped
MeshRenderer:
  m_CorrespondingSourceObject: {fileID: 5710270965186311164, guid: 220a777901f36514d990c316a74fca64,
    type: 3}
  m_PrefabInstance: {fileID: 3037639928937369843}
  m_PrefabAsset: {fileID: 0}
--- !u!1 &2716499452495451067 stripped
GameObject:
  m_CorrespondingSourceObject: {fileID: 1122852850168365896, guid: 220a777901f36514d990c316a74fca64,
    type: 3}
  m_PrefabInstance: {fileID: 3037639928937369843}
  m_PrefabAsset: {fileID: 0}
--- !u!1001 &3037639928994424416
PrefabInstance:
  m_ObjectHideFlags: 0
  serializedVersion: 2
  m_Modification:
    m_TransformParent: {fileID: 7484903748377101475}
    m_Modifications:
    - target: {fileID: 4513722921009260235, guid: f9da2b45282cd16468812c352c76769a,
        type: 3}
      propertyPath: m_Name
      value: Sphere
      objectReference: {fileID: 0}
    - target: {fileID: 4513722921009260238, guid: f9da2b45282cd16468812c352c76769a,
        type: 3}
      propertyPath: m_LocalPosition.x
      value: 2.4999995
      objectReference: {fileID: 0}
    - target: {fileID: 4513722921009260238, guid: f9da2b45282cd16468812c352c76769a,
        type: 3}
      propertyPath: m_LocalPosition.y
      value: 12
      objectReference: {fileID: 0}
    - target: {fileID: 4513722921009260238, guid: f9da2b45282cd16468812c352c76769a,
        type: 3}
      propertyPath: m_LocalPosition.z
      value: 5.5
      objectReference: {fileID: 0}
    - target: {fileID: 4513722921009260238, guid: f9da2b45282cd16468812c352c76769a,
        type: 3}
      propertyPath: m_LocalRotation.x
      value: -0
      objectReference: {fileID: 0}
    - target: {fileID: 4513722921009260238, guid: f9da2b45282cd16468812c352c76769a,
        type: 3}
      propertyPath: m_LocalRotation.y
      value: -0.7071068
      objectReference: {fileID: 0}
    - target: {fileID: 4513722921009260238, guid: f9da2b45282cd16468812c352c76769a,
        type: 3}
      propertyPath: m_LocalRotation.z
      value: -0
      objectReference: {fileID: 0}
    - target: {fileID: 4513722921009260238, guid: f9da2b45282cd16468812c352c76769a,
        type: 3}
      propertyPath: m_LocalRotation.w
      value: 0.7071068
      objectReference: {fileID: 0}
    - target: {fileID: 4513722921009260238, guid: f9da2b45282cd16468812c352c76769a,
        type: 3}
      propertyPath: m_RootOrder
      value: 2
      objectReference: {fileID: 0}
    - target: {fileID: 4513722921009260238, guid: f9da2b45282cd16468812c352c76769a,
        type: 3}
      propertyPath: m_LocalEulerAnglesHint.x
      value: 0
      objectReference: {fileID: 0}
    - target: {fileID: 4513722921009260238, guid: f9da2b45282cd16468812c352c76769a,
        type: 3}
      propertyPath: m_LocalEulerAnglesHint.y
      value: 0
      objectReference: {fileID: 0}
    - target: {fileID: 4513722921009260238, guid: f9da2b45282cd16468812c352c76769a,
        type: 3}
      propertyPath: m_LocalEulerAnglesHint.z
      value: 0
      objectReference: {fileID: 0}
    - target: {fileID: 4513722921009260238, guid: f9da2b45282cd16468812c352c76769a,
        type: 3}
      propertyPath: m_LocalScale.x
      value: 0.60000026
      objectReference: {fileID: 0}
    - target: {fileID: 4513722921009260238, guid: f9da2b45282cd16468812c352c76769a,
        type: 3}
      propertyPath: m_LocalScale.z
      value: 0.60000026
      objectReference: {fileID: 0}
    - target: {fileID: 1353844498424411632, guid: f9da2b45282cd16468812c352c76769a,
        type: 3}
      propertyPath: machineRoot
      value: 
      objectReference: {fileID: 8561645869833927322}
    - target: {fileID: 1353844498424411632, guid: f9da2b45282cd16468812c352c76769a,
        type: 3}
      propertyPath: placementCopy
      value: 
      objectReference: {fileID: 996535605108889553}
    - target: {fileID: 1353844498424411632, guid: f9da2b45282cd16468812c352c76769a,
        type: 3}
      propertyPath: uiPlacementTransform
      value: 
      objectReference: {fileID: 9045518717048086673}
    - target: {fileID: 1353844498424411632, guid: f9da2b45282cd16468812c352c76769a,
        type: 3}
      propertyPath: rgbd
      value: 
      objectReference: {fileID: 822289067231580402}
    - target: {fileID: 1353844498424411632, guid: f9da2b45282cd16468812c352c76769a,
        type: 3}
      propertyPath: isPlacable
      value: 0
      objectReference: {fileID: 0}
    - target: {fileID: 227227642643945001, guid: f9da2b45282cd16468812c352c76769a,
        type: 3}
      propertyPath: rgbd
      value: 
      objectReference: {fileID: 822289067231580402}
    - target: {fileID: 8523483425405182061, guid: f9da2b45282cd16468812c352c76769a,
        type: 3}
      propertyPath: renderers.Array.data[0]
      value: 
      objectReference: {fileID: 4455861649774874818}
    m_RemovedComponents: []
  m_SourcePrefab: {fileID: 100100000, guid: f9da2b45282cd16468812c352c76769a, type: 3}
--- !u!54 &822289067231580402 stripped
Rigidbody:
  m_CorrespondingSourceObject: {fileID: 2400003978403772050, guid: f9da2b45282cd16468812c352c76769a,
    type: 3}
  m_PrefabInstance: {fileID: 3037639928994424416}
  m_PrefabAsset: {fileID: 0}
--- !u!23 &4455861649774874818 stripped
MeshRenderer:
  m_CorrespondingSourceObject: {fileID: 1725366720863893154, guid: f9da2b45282cd16468812c352c76769a,
    type: 3}
  m_PrefabInstance: {fileID: 3037639928994424416}
  m_PrefabAsset: {fileID: 0}
--- !u!1 &996535605108889553 stripped
GameObject:
  m_CorrespondingSourceObject: {fileID: 2878849858470031793, guid: f9da2b45282cd16468812c352c76769a,
    type: 3}
  m_PrefabInstance: {fileID: 3037639928994424416}
  m_PrefabAsset: {fileID: 0}
--- !u!4 &9045518717048086673 stripped
Transform:
  m_CorrespondingSourceObject: {fileID: 6318548296307377905, guid: f9da2b45282cd16468812c352c76769a,
    type: 3}
  m_PrefabInstance: {fileID: 3037639928994424416}
  m_PrefabAsset: {fileID: 0}
--- !u!1 &8561645869833927322 stripped
GameObject:
  m_CorrespondingSourceObject: {fileID: 6698768979900849402, guid: f9da2b45282cd16468812c352c76769a,
    type: 3}
  m_PrefabInstance: {fileID: 3037639928994424416}
  m_PrefabAsset: {fileID: 0}
--- !u!1001 &3037639929318045229
PrefabInstance:
  m_ObjectHideFlags: 0
  serializedVersion: 2
  m_Modification:
    m_TransformParent: {fileID: 7484903748377101475}
    m_Modifications:
    - target: {fileID: 6010296739304017493, guid: 952ef3ad5a0d61443830cefb77a499ea,
        type: 3}
      propertyPath: m_Name
      value: TurnForm Variant
      objectReference: {fileID: 0}
    - target: {fileID: 609946081829181217, guid: 952ef3ad5a0d61443830cefb77a499ea,
        type: 3}
      propertyPath: m_LocalPosition.x
      value: 2.5
      objectReference: {fileID: 0}
    - target: {fileID: 609946081829181217, guid: 952ef3ad5a0d61443830cefb77a499ea,
        type: 3}
      propertyPath: m_LocalPosition.y
      value: 8
      objectReference: {fileID: 0}
    - target: {fileID: 609946081829181217, guid: 952ef3ad5a0d61443830cefb77a499ea,
        type: 3}
      propertyPath: m_LocalPosition.z
      value: 2.4999995
      objectReference: {fileID: 0}
    - target: {fileID: 609946081829181217, guid: 952ef3ad5a0d61443830cefb77a499ea,
        type: 3}
      propertyPath: m_LocalRotation.x
      value: -0
      objectReference: {fileID: 0}
    - target: {fileID: 609946081829181217, guid: 952ef3ad5a0d61443830cefb77a499ea,
        type: 3}
      propertyPath: m_LocalRotation.y
      value: -0.7071068
      objectReference: {fileID: 0}
    - target: {fileID: 609946081829181217, guid: 952ef3ad5a0d61443830cefb77a499ea,
        type: 3}
      propertyPath: m_LocalRotation.z
      value: -0
      objectReference: {fileID: 0}
    - target: {fileID: 609946081829181217, guid: 952ef3ad5a0d61443830cefb77a499ea,
        type: 3}
      propertyPath: m_LocalRotation.w
      value: 0.7071068
      objectReference: {fileID: 0}
    - target: {fileID: 609946081829181217, guid: 952ef3ad5a0d61443830cefb77a499ea,
        type: 3}
      propertyPath: m_RootOrder
      value: 3
      objectReference: {fileID: 0}
    - target: {fileID: 609946081829181217, guid: 952ef3ad5a0d61443830cefb77a499ea,
        type: 3}
      propertyPath: m_LocalEulerAnglesHint.x
      value: 0
      objectReference: {fileID: 0}
    - target: {fileID: 609946081829181217, guid: 952ef3ad5a0d61443830cefb77a499ea,
        type: 3}
      propertyPath: m_LocalEulerAnglesHint.y
      value: 0
      objectReference: {fileID: 0}
    - target: {fileID: 609946081829181217, guid: 952ef3ad5a0d61443830cefb77a499ea,
        type: 3}
      propertyPath: m_LocalEulerAnglesHint.z
      value: 0
      objectReference: {fileID: 0}
    - target: {fileID: 5787210889657163536, guid: 952ef3ad5a0d61443830cefb77a499ea,
        type: 3}
      propertyPath: machineRoot
      value: 
      objectReference: {fileID: 8816374815416098429}
    - target: {fileID: 5787210889657163536, guid: 952ef3ad5a0d61443830cefb77a499ea,
        type: 3}
      propertyPath: placementCopy
      value: 
      objectReference: {fileID: 3553001497096096292}
    - target: {fileID: 5787210889657163536, guid: 952ef3ad5a0d61443830cefb77a499ea,
        type: 3}
      propertyPath: uiPlacementTransform
      value: 
      objectReference: {fileID: 841873637426036871}
    - target: {fileID: 5787210889657163536, guid: 952ef3ad5a0d61443830cefb77a499ea,
        type: 3}
      propertyPath: isPlacable
      value: 1
      objectReference: {fileID: 0}
    - target: {fileID: 5391887199005175253, guid: 952ef3ad5a0d61443830cefb77a499ea,
        type: 3}
      propertyPath: renderers.Array.data[0]
      value: 
      objectReference: {fileID: 93675490900790583}
    m_RemovedComponents: []
  m_SourcePrefab: {fileID: 100100000, guid: 952ef3ad5a0d61443830cefb77a499ea, type: 3}
--- !u!4 &841873637426036871 stripped
Transform:
  m_CorrespondingSourceObject: {fileID: 2416518711734236842, guid: 952ef3ad5a0d61443830cefb77a499ea,
    type: 3}
  m_PrefabInstance: {fileID: 3037639929318045229}
  m_PrefabAsset: {fileID: 0}
--- !u!23 &93675490900790583 stripped
MeshRenderer:
  m_CorrespondingSourceObject: {fileID: 3128612195517479706, guid: 952ef3ad5a0d61443830cefb77a499ea,
    type: 3}
  m_PrefabInstance: {fileID: 3037639929318045229}
  m_PrefabAsset: {fileID: 0}
--- !u!1 &3553001497096096292 stripped
GameObject:
  m_CorrespondingSourceObject: {fileID: 1975129026705193993, guid: 952ef3ad5a0d61443830cefb77a499ea,
    type: 3}
  m_PrefabInstance: {fileID: 3037639929318045229}
  m_PrefabAsset: {fileID: 0}
--- !u!1 &8816374815416098429 stripped
GameObject:
  m_CorrespondingSourceObject: {fileID: 5800024188850333776, guid: 952ef3ad5a0d61443830cefb77a499ea,
    type: 3}
  m_PrefabInstance: {fileID: 3037639929318045229}
  m_PrefabAsset: {fileID: 0}
--- !u!1001 &3037639929375442918
PrefabInstance:
  m_ObjectHideFlags: 0
  serializedVersion: 2
  m_Modification:
    m_TransformParent: {fileID: 7484903748377101475}
    m_Modifications:
    - target: {fileID: 6010296739304017493, guid: 952ef3ad5a0d61443830cefb77a499ea,
        type: 3}
      propertyPath: m_Name
      value: TurnForm Variant (3)
      objectReference: {fileID: 0}
    - target: {fileID: 609946081829181217, guid: 952ef3ad5a0d61443830cefb77a499ea,
        type: 3}
      propertyPath: m_LocalPosition.x
      value: 2.4999995
      objectReference: {fileID: 0}
    - target: {fileID: 609946081829181217, guid: 952ef3ad5a0d61443830cefb77a499ea,
        type: 3}
      propertyPath: m_LocalPosition.y
      value: 2
      objectReference: {fileID: 0}
    - target: {fileID: 609946081829181217, guid: 952ef3ad5a0d61443830cefb77a499ea,
        type: 3}
      propertyPath: m_LocalPosition.z
      value: 6.5
      objectReference: {fileID: 0}
    - target: {fileID: 609946081829181217, guid: 952ef3ad5a0d61443830cefb77a499ea,
        type: 3}
      propertyPath: m_LocalRotation.x
      value: -0
      objectReference: {fileID: 0}
    - target: {fileID: 609946081829181217, guid: 952ef3ad5a0d61443830cefb77a499ea,
        type: 3}
      propertyPath: m_LocalRotation.y
      value: -0
      objectReference: {fileID: 0}
    - target: {fileID: 609946081829181217, guid: 952ef3ad5a0d61443830cefb77a499ea,
        type: 3}
      propertyPath: m_LocalRotation.z
      value: -0
      objectReference: {fileID: 0}
    - target: {fileID: 609946081829181217, guid: 952ef3ad5a0d61443830cefb77a499ea,
        type: 3}
      propertyPath: m_LocalRotation.w
      value: 1
      objectReference: {fileID: 0}
    - target: {fileID: 609946081829181217, guid: 952ef3ad5a0d61443830cefb77a499ea,
        type: 3}
      propertyPath: m_RootOrder
      value: 9
      objectReference: {fileID: 0}
    - target: {fileID: 609946081829181217, guid: 952ef3ad5a0d61443830cefb77a499ea,
        type: 3}
      propertyPath: m_LocalEulerAnglesHint.x
      value: 0
      objectReference: {fileID: 0}
    - target: {fileID: 609946081829181217, guid: 952ef3ad5a0d61443830cefb77a499ea,
        type: 3}
      propertyPath: m_LocalEulerAnglesHint.y
      value: 90
      objectReference: {fileID: 0}
    - target: {fileID: 609946081829181217, guid: 952ef3ad5a0d61443830cefb77a499ea,
        type: 3}
      propertyPath: m_LocalEulerAnglesHint.z
      value: 0
      objectReference: {fileID: 0}
    - target: {fileID: 5787210889657163536, guid: 952ef3ad5a0d61443830cefb77a499ea,
        type: 3}
      propertyPath: machineRoot
      value: 
      objectReference: {fileID: 8816374815170473910}
    - target: {fileID: 5787210889657163536, guid: 952ef3ad5a0d61443830cefb77a499ea,
        type: 3}
      propertyPath: placementCopy
      value: 
      objectReference: {fileID: 3553001496807488495}
    - target: {fileID: 5787210889657163536, guid: 952ef3ad5a0d61443830cefb77a499ea,
        type: 3}
      propertyPath: uiPlacementTransform
      value: 
      objectReference: {fileID: 841873637953220940}
    - target: {fileID: 5391887199005175253, guid: 952ef3ad5a0d61443830cefb77a499ea,
        type: 3}
      propertyPath: renderers.Array.data[0]
      value: 
      objectReference: {fileID: 93675490647309564}
    m_RemovedComponents: []
  m_SourcePrefab: {fileID: 100100000, guid: 952ef3ad5a0d61443830cefb77a499ea, type: 3}
--- !u!1 &8816374815170473910 stripped
GameObject:
  m_CorrespondingSourceObject: {fileID: 5800024188850333776, guid: 952ef3ad5a0d61443830cefb77a499ea,
    type: 3}
  m_PrefabInstance: {fileID: 3037639929375442918}
  m_PrefabAsset: {fileID: 0}
--- !u!1 &3553001496807488495 stripped
GameObject:
  m_CorrespondingSourceObject: {fileID: 1975129026705193993, guid: 952ef3ad5a0d61443830cefb77a499ea,
    type: 3}
  m_PrefabInstance: {fileID: 3037639929375442918}
  m_PrefabAsset: {fileID: 0}
--- !u!23 &93675490647309564 stripped
MeshRenderer:
  m_CorrespondingSourceObject: {fileID: 3128612195517479706, guid: 952ef3ad5a0d61443830cefb77a499ea,
    type: 3}
  m_PrefabInstance: {fileID: 3037639929375442918}
  m_PrefabAsset: {fileID: 0}
--- !u!4 &841873637953220940 stripped
Transform:
  m_CorrespondingSourceObject: {fileID: 2416518711734236842, guid: 952ef3ad5a0d61443830cefb77a499ea,
    type: 3}
  m_PrefabInstance: {fileID: 3037639929375442918}
  m_PrefabAsset: {fileID: 0}
--- !u!1001 &3037639929461250758
PrefabInstance:
  m_ObjectHideFlags: 0
  serializedVersion: 2
  m_Modification:
    m_TransformParent: {fileID: 7484903748377101475}
    m_Modifications:
    - target: {fileID: 6010296739304017493, guid: 952ef3ad5a0d61443830cefb77a499ea,
        type: 3}
      propertyPath: m_Name
      value: TurnForm Variant (1)
      objectReference: {fileID: 0}
    - target: {fileID: 609946081829181217, guid: 952ef3ad5a0d61443830cefb77a499ea,
        type: 3}
      propertyPath: m_LocalPosition.x
      value: 6.5000005
      objectReference: {fileID: 0}
    - target: {fileID: 609946081829181217, guid: 952ef3ad5a0d61443830cefb77a499ea,
        type: 3}
      propertyPath: m_LocalPosition.y
      value: 6
      objectReference: {fileID: 0}
    - target: {fileID: 609946081829181217, guid: 952ef3ad5a0d61443830cefb77a499ea,
        type: 3}
      propertyPath: m_LocalPosition.z
      value: 2.5000002
      objectReference: {fileID: 0}
    - target: {fileID: 609946081829181217, guid: 952ef3ad5a0d61443830cefb77a499ea,
        type: 3}
      propertyPath: m_LocalRotation.x
      value: -0
      objectReference: {fileID: 0}
    - target: {fileID: 609946081829181217, guid: 952ef3ad5a0d61443830cefb77a499ea,
        type: 3}
      propertyPath: m_LocalRotation.y
      value: 1
      objectReference: {fileID: 0}
    - target: {fileID: 609946081829181217, guid: 952ef3ad5a0d61443830cefb77a499ea,
        type: 3}
      propertyPath: m_LocalRotation.z
      value: -0
      objectReference: {fileID: 0}
    - target: {fileID: 609946081829181217, guid: 952ef3ad5a0d61443830cefb77a499ea,
        type: 3}
      propertyPath: m_LocalRotation.w
      value: 0
      objectReference: {fileID: 0}
    - target: {fileID: 609946081829181217, guid: 952ef3ad5a0d61443830cefb77a499ea,
        type: 3}
      propertyPath: m_RootOrder
      value: 6
      objectReference: {fileID: 0}
    - target: {fileID: 609946081829181217, guid: 952ef3ad5a0d61443830cefb77a499ea,
        type: 3}
      propertyPath: m_LocalEulerAnglesHint.x
      value: 0
      objectReference: {fileID: 0}
    - target: {fileID: 609946081829181217, guid: 952ef3ad5a0d61443830cefb77a499ea,
        type: 3}
      propertyPath: m_LocalEulerAnglesHint.y
      value: 270
      objectReference: {fileID: 0}
    - target: {fileID: 609946081829181217, guid: 952ef3ad5a0d61443830cefb77a499ea,
        type: 3}
      propertyPath: m_LocalEulerAnglesHint.z
      value: 0
      objectReference: {fileID: 0}
    - target: {fileID: 5787210889657163536, guid: 952ef3ad5a0d61443830cefb77a499ea,
        type: 3}
      propertyPath: machineRoot
      value: 
      objectReference: {fileID: 8816374815256244886}
    - target: {fileID: 5787210889657163536, guid: 952ef3ad5a0d61443830cefb77a499ea,
        type: 3}
      propertyPath: placementCopy
      value: 
      objectReference: {fileID: 3553001496700774095}
    - target: {fileID: 5787210889657163536, guid: 952ef3ad5a0d61443830cefb77a499ea,
        type: 3}
      propertyPath: uiPlacementTransform
      value: 
      objectReference: {fileID: 841873637837663340}
    - target: {fileID: 5391887199005175253, guid: 952ef3ad5a0d61443830cefb77a499ea,
        type: 3}
      propertyPath: renderers.Array.data[0]
      value: 
      objectReference: {fileID: 93675490758533596}
    m_RemovedComponents: []
  m_SourcePrefab: {fileID: 100100000, guid: 952ef3ad5a0d61443830cefb77a499ea, type: 3}
--- !u!23 &93675490758533596 stripped
MeshRenderer:
  m_CorrespondingSourceObject: {fileID: 3128612195517479706, guid: 952ef3ad5a0d61443830cefb77a499ea,
    type: 3}
  m_PrefabInstance: {fileID: 3037639929461250758}
  m_PrefabAsset: {fileID: 0}
--- !u!1 &3553001496700774095 stripped
GameObject:
  m_CorrespondingSourceObject: {fileID: 1975129026705193993, guid: 952ef3ad5a0d61443830cefb77a499ea,
    type: 3}
  m_PrefabInstance: {fileID: 3037639929461250758}
  m_PrefabAsset: {fileID: 0}
--- !u!1 &8816374815256244886 stripped
GameObject:
  m_CorrespondingSourceObject: {fileID: 5800024188850333776, guid: 952ef3ad5a0d61443830cefb77a499ea,
    type: 3}
  m_PrefabInstance: {fileID: 3037639929461250758}
  m_PrefabAsset: {fileID: 0}
--- !u!4 &841873637837663340 stripped
Transform:
  m_CorrespondingSourceObject: {fileID: 2416518711734236842, guid: 952ef3ad5a0d61443830cefb77a499ea,
    type: 3}
  m_PrefabInstance: {fileID: 3037639929461250758}
  m_PrefabAsset: {fileID: 0}
--- !u!1001 &3037639929556281250
PrefabInstance:
  m_ObjectHideFlags: 0
  serializedVersion: 2
  m_Modification:
    m_TransformParent: {fileID: 7484903748377101475}
    m_Modifications:
    - target: {fileID: 244441320, guid: 220a777901f36514d990c316a74fca64, type: 3}
      propertyPath: m_Name
      value: RampForm2 (2)
      objectReference: {fileID: 0}
    - target: {fileID: 1003013521, guid: 220a777901f36514d990c316a74fca64, type: 3}
      propertyPath: m_LocalPosition.x
      value: 3.5
      objectReference: {fileID: 0}
    - target: {fileID: 1003013521, guid: 220a777901f36514d990c316a74fca64, type: 3}
      propertyPath: m_LocalPosition.y
      value: 0
      objectReference: {fileID: 0}
    - target: {fileID: 1003013521, guid: 220a777901f36514d990c316a74fca64, type: 3}
      propertyPath: m_LocalPosition.z
      value: 2.4999995
      objectReference: {fileID: 0}
    - target: {fileID: 1003013521, guid: 220a777901f36514d990c316a74fca64, type: 3}
      propertyPath: m_LocalRotation.x
      value: -0
      objectReference: {fileID: 0}
    - target: {fileID: 1003013521, guid: 220a777901f36514d990c316a74fca64, type: 3}
      propertyPath: m_LocalRotation.y
      value: 1
      objectReference: {fileID: 0}
    - target: {fileID: 1003013521, guid: 220a777901f36514d990c316a74fca64, type: 3}
      propertyPath: m_LocalRotation.z
      value: -0
      objectReference: {fileID: 0}
    - target: {fileID: 1003013521, guid: 220a777901f36514d990c316a74fca64, type: 3}
      propertyPath: m_LocalRotation.w
      value: 0
      objectReference: {fileID: 0}
    - target: {fileID: 1003013521, guid: 220a777901f36514d990c316a74fca64, type: 3}
      propertyPath: m_RootOrder
      value: 11
      objectReference: {fileID: 0}
    - target: {fileID: 1003013521, guid: 220a777901f36514d990c316a74fca64, type: 3}
      propertyPath: m_LocalEulerAnglesHint.x
      value: 0
      objectReference: {fileID: 0}
    - target: {fileID: 1003013521, guid: 220a777901f36514d990c316a74fca64, type: 3}
      propertyPath: m_LocalEulerAnglesHint.y
      value: 270
      objectReference: {fileID: 0}
    - target: {fileID: 1003013521, guid: 220a777901f36514d990c316a74fca64, type: 3}
      propertyPath: m_LocalEulerAnglesHint.z
      value: 0
      objectReference: {fileID: 0}
    - target: {fileID: 1003013521, guid: 220a777901f36514d990c316a74fca64, type: 3}
      propertyPath: m_LocalScale.x
      value: 1
      objectReference: {fileID: 0}
    - target: {fileID: 1003013521, guid: 220a777901f36514d990c316a74fca64, type: 3}
      propertyPath: m_LocalScale.z
      value: 1
      objectReference: {fileID: 0}
    - target: {fileID: 7519655934283268337, guid: 220a777901f36514d990c316a74fca64,
        type: 3}
      propertyPath: isPlacable
      value: 0
      objectReference: {fileID: 0}
    - target: {fileID: 7519655934283268337, guid: 220a777901f36514d990c316a74fca64,
        type: 3}
      propertyPath: machineRoot
      value: 
      objectReference: {fileID: 9020889096206943405}
    - target: {fileID: 7519655934283268337, guid: 220a777901f36514d990c316a74fca64,
        type: 3}
      propertyPath: placementCopy
      value: 
      objectReference: {fileID: 2716499453156304106}
    - target: {fileID: 7519655934283268337, guid: 220a777901f36514d990c316a74fca64,
        type: 3}
      propertyPath: uiPlacementTransform
      value: 
      objectReference: {fileID: 7178310250427369059}
    - target: {fileID: 6786899359589765780, guid: 220a777901f36514d990c316a74fca64,
        type: 3}
      propertyPath: renderers.Array.data[0]
      value: 
      objectReference: {fileID: 7284898246769939550}
    m_RemovedComponents: []
  m_SourcePrefab: {fileID: 100100000, guid: 220a777901f36514d990c316a74fca64, type: 3}
--- !u!23 &7284898246769939550 stripped
MeshRenderer:
  m_CorrespondingSourceObject: {fileID: 5710270965186311164, guid: 220a777901f36514d990c316a74fca64,
    type: 3}
  m_PrefabInstance: {fileID: 3037639929556281250}
  m_PrefabAsset: {fileID: 0}
--- !u!1 &2716499453156304106 stripped
GameObject:
  m_CorrespondingSourceObject: {fileID: 1122852850168365896, guid: 220a777901f36514d990c316a74fca64,
    type: 3}
  m_PrefabInstance: {fileID: 3037639929556281250}
  m_PrefabAsset: {fileID: 0}
--- !u!1 &9020889096206943405 stripped
GameObject:
  m_CorrespondingSourceObject: {fileID: 6275625057186390799, guid: 220a777901f36514d990c316a74fca64,
    type: 3}
  m_PrefabInstance: {fileID: 3037639929556281250}
  m_PrefabAsset: {fileID: 0}
--- !u!4 &7178310250427369059 stripped
Transform:
  m_CorrespondingSourceObject: {fileID: 5312460063778693569, guid: 220a777901f36514d990c316a74fca64,
    type: 3}
  m_PrefabInstance: {fileID: 3037639929556281250}
  m_PrefabAsset: {fileID: 0}
--- !u!1001 &6880282070029542855
PrefabInstance:
  m_ObjectHideFlags: 0
  serializedVersion: 2
  m_Modification:
    m_TransformParent: {fileID: 0}
    m_Modifications:
    - target: {fileID: 4081409545628149877, guid: 8ddd3c3617936d543bf8521fc6d1f54e,
        type: 3}
      propertyPath: m_Name
      value: Level Variant 1
      objectReference: {fileID: 0}
    - target: {fileID: 4081409545628149876, guid: 8ddd3c3617936d543bf8521fc6d1f54e,
        type: 3}
      propertyPath: m_LocalPosition.x
      value: 0
      objectReference: {fileID: 0}
    - target: {fileID: 4081409545628149876, guid: 8ddd3c3617936d543bf8521fc6d1f54e,
        type: 3}
      propertyPath: m_LocalPosition.y
      value: 0
      objectReference: {fileID: 0}
    - target: {fileID: 4081409545628149876, guid: 8ddd3c3617936d543bf8521fc6d1f54e,
        type: 3}
      propertyPath: m_LocalPosition.z
      value: 0
      objectReference: {fileID: 0}
    - target: {fileID: 4081409545628149876, guid: 8ddd3c3617936d543bf8521fc6d1f54e,
        type: 3}
      propertyPath: m_LocalRotation.x
      value: 0
      objectReference: {fileID: 0}
    - target: {fileID: 4081409545628149876, guid: 8ddd3c3617936d543bf8521fc6d1f54e,
        type: 3}
      propertyPath: m_LocalRotation.y
      value: 0
      objectReference: {fileID: 0}
    - target: {fileID: 4081409545628149876, guid: 8ddd3c3617936d543bf8521fc6d1f54e,
        type: 3}
      propertyPath: m_LocalRotation.z
      value: 0
      objectReference: {fileID: 0}
    - target: {fileID: 4081409545628149876, guid: 8ddd3c3617936d543bf8521fc6d1f54e,
        type: 3}
      propertyPath: m_LocalRotation.w
      value: 1
      objectReference: {fileID: 0}
    - target: {fileID: 4081409545628149876, guid: 8ddd3c3617936d543bf8521fc6d1f54e,
        type: 3}
      propertyPath: m_RootOrder
      value: 0
      objectReference: {fileID: 0}
    - target: {fileID: 4081409545628149876, guid: 8ddd3c3617936d543bf8521fc6d1f54e,
        type: 3}
      propertyPath: m_LocalEulerAnglesHint.x
      value: 0
      objectReference: {fileID: 0}
    - target: {fileID: 4081409545628149876, guid: 8ddd3c3617936d543bf8521fc6d1f54e,
        type: 3}
      propertyPath: m_LocalEulerAnglesHint.y
      value: 0
      objectReference: {fileID: 0}
    - target: {fileID: 4081409545628149876, guid: 8ddd3c3617936d543bf8521fc6d1f54e,
        type: 3}
      propertyPath: m_LocalEulerAnglesHint.z
      value: 0
      objectReference: {fileID: 0}
    - target: {fileID: 4379947753089189575, guid: 8ddd3c3617936d543bf8521fc6d1f54e,
        type: 3}
      propertyPath: target
      value: 
      objectReference: {fileID: 2471852730822148222}
    - target: {fileID: 2211865769781630923, guid: 8ddd3c3617936d543bf8521fc6d1f54e,
        type: 3}
      propertyPath: cam
      value: 
      objectReference: {fileID: 7484903747219737923}
    - target: {fileID: 2211865769781630923, guid: 8ddd3c3617936d543bf8521fc6d1f54e,
        type: 3}
      propertyPath: machineRoot
      value: 
      objectReference: {fileID: 7484903748377101475}
    - target: {fileID: 2211865769781630923, guid: 8ddd3c3617936d543bf8521fc6d1f54e,
        type: 3}
      propertyPath: machineDropPoint
      value: 
      objectReference: {fileID: 6880282069255098183}
    - target: {fileID: 294011303, guid: 8ddd3c3617936d543bf8521fc6d1f54e, type: 3}
      propertyPath: m_TargetGraphic
      value: 
      objectReference: {fileID: 6880282070306776175}
    - target: {fileID: 5964375764557705606, guid: 8ddd3c3617936d543bf8521fc6d1f54e,
        type: 3}
      propertyPath: m_Camera
      value: 
      objectReference: {fileID: 7484903747219737923}
    - target: {fileID: 1621882422108192183, guid: 8ddd3c3617936d543bf8521fc6d1f54e,
        type: 3}
      propertyPath: m_TargetGraphic
      value: 
      objectReference: {fileID: 1610229721664281010}
    - target: {fileID: 1339348476843650623, guid: 8ddd3c3617936d543bf8521fc6d1f54e,
        type: 3}
      propertyPath: m_TargetGraphic
      value: 
      objectReference: {fileID: 567804609986110821}
    m_RemovedComponents: []
  m_SourcePrefab: {fileID: 100100000, guid: 8ddd3c3617936d543bf8521fc6d1f54e, type: 3}
--- !u!114 &6880282070306776175 stripped
MonoBehaviour:
  m_CorrespondingSourceObject: {fileID: 294011304, guid: 8ddd3c3617936d543bf8521fc6d1f54e,
    type: 3}
  m_PrefabInstance: {fileID: 6880282070029542855}
  m_PrefabAsset: {fileID: 0}
  m_GameObject: {fileID: 0}
  m_Enabled: 1
  m_EditorHideFlags: 0
  m_Script: {fileID: -765806418, guid: f70555f144d8491a825f0804e09c671c, type: 3}
  m_Name: 
  m_EditorClassIdentifier: 
--- !u!4 &2471852730822148222 stripped
Transform:
  m_CorrespondingSourceObject: {fileID: 9022509819791304121, guid: 8ddd3c3617936d543bf8521fc6d1f54e,
    type: 3}
  m_PrefabInstance: {fileID: 6880282070029542855}
  m_PrefabAsset: {fileID: 0}
--- !u!224 &6880282069255098183 stripped
RectTransform:
  m_CorrespondingSourceObject: {fileID: 1458121344, guid: 8ddd3c3617936d543bf8521fc6d1f54e,
    type: 3}
  m_PrefabInstance: {fileID: 6880282070029542855}
  m_PrefabAsset: {fileID: 0}
--- !u!114 &567804609986110821 stripped
MonoBehaviour:
  m_CorrespondingSourceObject: {fileID: 6384577454535901346, guid: 8ddd3c3617936d543bf8521fc6d1f54e,
    type: 3}
  m_PrefabInstance: {fileID: 6880282070029542855}
  m_PrefabAsset: {fileID: 0}
  m_GameObject: {fileID: 0}
  m_Enabled: 1
  m_EditorHideFlags: 0
  m_Script: {fileID: -765806418, guid: f70555f144d8491a825f0804e09c671c, type: 3}
  m_Name: 
  m_EditorClassIdentifier: 
--- !u!114 &1610229721664281010 stripped
MonoBehaviour:
  m_CorrespondingSourceObject: {fileID: 5270059770203274357, guid: 8ddd3c3617936d543bf8521fc6d1f54e,
    type: 3}
  m_PrefabInstance: {fileID: 6880282070029542855}
  m_PrefabAsset: {fileID: 0}
  m_GameObject: {fileID: 0}
  m_Enabled: 1
  m_EditorHideFlags: 0
  m_Script: {fileID: -765806418, guid: f70555f144d8491a825f0804e09c671c, type: 3}
  m_Name: 
  m_EditorClassIdentifier: 
--- !u!4 &7484903748377101475 stripped
Transform:
  m_CorrespondingSourceObject: {fileID: 4081409545771442532, guid: 8ddd3c3617936d543bf8521fc6d1f54e,
    type: 3}
  m_PrefabInstance: {fileID: 6880282070029542855}
  m_PrefabAsset: {fileID: 0}
--- !u!20 &7484903747219737923 stripped
Camera:
  m_CorrespondingSourceObject: {fileID: 4081409546694453380, guid: 8ddd3c3617936d543bf8521fc6d1f54e,
    type: 3}
  m_PrefabInstance: {fileID: 6880282070029542855}
  m_PrefabAsset: {fileID: 0}
