%YAML 1.1
%TAG !u! tag:unity3d.com,2011:
--- !u!1 &4513722921009260235
GameObject:
  m_ObjectHideFlags: 0
  m_CorrespondingSourceObject: {fileID: 0}
  m_PrefabInstance: {fileID: 0}
  m_PrefabAsset: {fileID: 0}
  serializedVersion: 6
  m_Component:
  - component: {fileID: 4513722921009260238}
  - component: {fileID: 1353844498424411632}
  m_Layer: 0
  m_Name: Sphere
  m_TagString: Untagged
  m_Icon: {fileID: 0}
  m_NavMeshLayer: 0
  m_StaticEditorFlags: 0
  m_IsActive: 1
--- !u!4 &4513722921009260238
Transform:
  m_ObjectHideFlags: 0
  m_CorrespondingSourceObject: {fileID: 0}
  m_PrefabInstance: {fileID: 0}
  m_PrefabAsset: {fileID: 0}
  m_GameObject: {fileID: 4513722921009260235}
  m_LocalRotation: {x: -0, y: -0, z: -0, w: 1}
  m_LocalPosition: {x: 8, y: 3.5, z: 9}
  m_LocalScale: {x: 1, y: 1, z: 1}
  m_Children:
  - {fileID: 6141480745104721199}
  - {fileID: 7053595499932858139}
  - {fileID: 6318548296307377905}
  m_Father: {fileID: 0}
  m_RootOrder: 0
  m_LocalEulerAnglesHint: {x: 0, y: 0, z: 0}
--- !u!114 &1353844498424411632
MonoBehaviour:
  m_ObjectHideFlags: 0
  m_CorrespondingSourceObject: {fileID: 0}
  m_PrefabInstance: {fileID: 0}
  m_PrefabAsset: {fileID: 0}
  m_GameObject: {fileID: 4513722921009260235}
  m_Enabled: 1
  m_EditorHideFlags: 0
  m_Script: {fileID: 11500000, guid: a892a1330cba7b447b9ad396f50fff2b, type: 3}
  m_Name: 
  m_EditorClassIdentifier: 
  log: 0
  type: 501
  machineRoot: {fileID: 6698768979900849402}
  placementCopy: {fileID: 2878849858470031793}
  uiPlacementTransform: {fileID: 6318548296307377905}
  isDisplay: 0
  isPlacable: 1
  rgbd: {fileID: 2400003978403772050}
  anim_goreset: {fileID: 0}
--- !u!1 &4693644839134100948
GameObject:
  m_ObjectHideFlags: 0
  m_CorrespondingSourceObject: {fileID: 0}
  m_PrefabInstance: {fileID: 0}
  m_PrefabAsset: {fileID: 0}
  serializedVersion: 6
  m_Component:
  - component: {fileID: 6318548296307377905}
  m_Layer: 0
  m_Name: UIPos
  m_TagString: Untagged
  m_Icon: {fileID: 0}
  m_NavMeshLayer: 0
  m_StaticEditorFlags: 0
  m_IsActive: 1
--- !u!4 &6318548296307377905
Transform:
  m_ObjectHideFlags: 0
  m_CorrespondingSourceObject: {fileID: 0}
  m_PrefabInstance: {fileID: 0}
  m_PrefabAsset: {fileID: 0}
  m_GameObject: {fileID: 4693644839134100948}
  m_LocalRotation: {x: -0, y: -0, z: -0, w: 1}
  m_LocalPosition: {x: -2.8, y: 69.8, z: 9}
  m_LocalScale: {x: 70, y: 70, z: 70}
  m_Children: []
  m_Father: {fileID: 4513722921009260238}
  m_RootOrder: 2
  m_LocalEulerAnglesHint: {x: 0, y: 0, z: 0}
--- !u!1 &6698768979900849402
GameObject:
  m_ObjectHideFlags: 0
  m_CorrespondingSourceObject: {fileID: 0}
  m_PrefabInstance: {fileID: 0}
  m_PrefabAsset: {fileID: 0}
  serializedVersion: 6
  m_Component:
  - component: {fileID: 6141480745104721199}
  - component: {fileID: 3798005595275669783}
  - component: {fileID: 6594146659013807120}
  - component: {fileID: 7691912377945915204}
  - component: {fileID: 2400003978403772050}
  - component: {fileID: 227227642643945001}
  m_Layer: 0
  m_Name: Sphere
  m_TagString: Untagged
  m_Icon: {fileID: 0}
  m_NavMeshLayer: 0
  m_StaticEditorFlags: 0
  m_IsActive: 1
--- !u!4 &6141480745104721199
Transform:
  m_ObjectHideFlags: 0
  m_CorrespondingSourceObject: {fileID: 0}
  m_PrefabInstance: {fileID: 0}
  m_PrefabAsset: {fileID: 0}
  m_GameObject: {fileID: 6698768979900849402}
  m_LocalRotation: {x: -0, y: -0, z: -0, w: 1}
  m_LocalPosition: {x: 0, y: 0, z: 0}
  m_LocalScale: {x: 0.6, y: 0.6, z: 0.6}
  m_Children:
  - {fileID: 4939922200368733064}
  m_Father: {fileID: 4513722921009260238}
  m_RootOrder: 0
  m_LocalEulerAnglesHint: {x: 0, y: 0, z: 0}
--- !u!33 &3798005595275669783
MeshFilter:
  m_ObjectHideFlags: 0
  m_CorrespondingSourceObject: {fileID: 0}
  m_PrefabInstance: {fileID: 0}
  m_PrefabAsset: {fileID: 0}
  m_GameObject: {fileID: 6698768979900849402}
  m_Mesh: {fileID: 10207, guid: 0000000000000000e000000000000000, type: 0}
--- !u!23 &6594146659013807120
MeshRenderer:
  m_ObjectHideFlags: 0
  m_CorrespondingSourceObject: {fileID: 0}
  m_PrefabInstance: {fileID: 0}
  m_PrefabAsset: {fileID: 0}
  m_GameObject: {fileID: 6698768979900849402}
  m_Enabled: 1
  m_CastShadows: 1
  m_ReceiveShadows: 1
  m_DynamicOccludee: 1
  m_MotionVectors: 1
  m_LightProbeUsage: 1
  m_ReflectionProbeUsage: 1
  m_RenderingLayerMask: 1
  m_RendererPriority: 0
  m_Materials:
  - {fileID: 2100000, guid: def57cde9b4a0d54cb8f8736ceef7b9c, type: 2}
  m_StaticBatchInfo:
    firstSubMesh: 0
    subMeshCount: 0
  m_StaticBatchRoot: {fileID: 0}
  m_ProbeAnchor: {fileID: 0}
  m_LightProbeVolumeOverride: {fileID: 0}
  m_ScaleInLightmap: 1
  m_PreserveUVs: 0
  m_IgnoreNormalsForChartDetection: 0
  m_ImportantGI: 0
  m_StitchLightmapSeams: 0
  m_SelectedEditorRenderState: 3
  m_MinimumChartSize: 4
  m_AutoUVMaxDistance: 0.5
  m_AutoUVMaxAngle: 89
  m_LightmapParameters: {fileID: 0}
  m_SortingLayerID: 0
  m_SortingLayer: 0
  m_SortingOrder: 0
--- !u!135 &7691912377945915204
SphereCollider:
  m_ObjectHideFlags: 0
  m_CorrespondingSourceObject: {fileID: 0}
  m_PrefabInstance: {fileID: 0}
  m_PrefabAsset: {fileID: 0}
  m_GameObject: {fileID: 6698768979900849402}
  m_Material: {fileID: 13400000, guid: 6e160e127587ead43948aa6d6dc1655d, type: 2}
  m_IsTrigger: 0
  m_Enabled: 1
  serializedVersion: 2
  m_Radius: 0.5
  m_Center: {x: 0, y: 0, z: 0}
--- !u!54 &2400003978403772050
Rigidbody:
  m_ObjectHideFlags: 0
  m_CorrespondingSourceObject: {fileID: 0}
  m_PrefabInstance: {fileID: 0}
  m_PrefabAsset: {fileID: 0}
  m_GameObject: {fileID: 6698768979900849402}
  serializedVersion: 2
  m_Mass: 1
  m_Drag: 0
  m_AngularDrag: 0.05
  m_UseGravity: 1
  m_IsKinematic: 0
  m_Interpolate: 0
  m_Constraints: 0
  m_CollisionDetection: 0
--- !u!114 &227227642643945001
MonoBehaviour:
  m_ObjectHideFlags: 0
  m_CorrespondingSourceObject: {fileID: 0}
  m_PrefabInstance: {fileID: 0}
  m_PrefabAsset: {fileID: 0}
  m_GameObject: {fileID: 6698768979900849402}
  m_Enabled: 1
  m_EditorHideFlags: 0
  m_Script: {fileID: 11500000, guid: 8971eb1a5afb49f4d96132a634d385bb, type: 3}
  m_Name: 
  m_EditorClassIdentifier: 
  rgbd: {fileID: 2400003978403772050}
  personalTrampolineBonusPower: 0
--- !u!1001 &4939922200368857352
PrefabInstance:
  m_ObjectHideFlags: 0
  serializedVersion: 2
  m_Modification:
    m_TransformParent: {fileID: 6141480745104721199}
    m_Modifications:
    - target: {fileID: 100000, guid: 0af117fadbdfad04f8b81dc1ec6b5ba9, type: 3}
      propertyPath: m_Name
      value: Ball
      objectReference: {fileID: 0}
    - target: {fileID: 100000, guid: 0af117fadbdfad04f8b81dc1ec6b5ba9, type: 3}
      propertyPath: m_IsActive
      value: 0
      objectReference: {fileID: 0}
    - target: {fileID: 400000, guid: 0af117fadbdfad04f8b81dc1ec6b5ba9, type: 3}
      propertyPath: m_LocalPosition.x
      value: 0
      objectReference: {fileID: 0}
    - target: {fileID: 400000, guid: 0af117fadbdfad04f8b81dc1ec6b5ba9, type: 3}
      propertyPath: m_LocalPosition.y
      value: 0
      objectReference: {fileID: 0}
    - target: {fileID: 400000, guid: 0af117fadbdfad04f8b81dc1ec6b5ba9, type: 3}
      propertyPath: m_LocalPosition.z
      value: 0
      objectReference: {fileID: 0}
    - target: {fileID: 400000, guid: 0af117fadbdfad04f8b81dc1ec6b5ba9, type: 3}
      propertyPath: m_LocalRotation.x
      value: -0
      objectReference: {fileID: 0}
    - target: {fileID: 400000, guid: 0af117fadbdfad04f8b81dc1ec6b5ba9, type: 3}
      propertyPath: m_LocalRotation.y
      value: -0
      objectReference: {fileID: 0}
    - target: {fileID: 400000, guid: 0af117fadbdfad04f8b81dc1ec6b5ba9, type: 3}
      propertyPath: m_LocalRotation.z
      value: -0
      objectReference: {fileID: 0}
    - target: {fileID: 400000, guid: 0af117fadbdfad04f8b81dc1ec6b5ba9, type: 3}
      propertyPath: m_LocalRotation.w
      value: 1
      objectReference: {fileID: 0}
    - target: {fileID: 400000, guid: 0af117fadbdfad04f8b81dc1ec6b5ba9, type: 3}
      propertyPath: m_RootOrder
      value: 0
      objectReference: {fileID: 0}
    - target: {fileID: 400000, guid: 0af117fadbdfad04f8b81dc1ec6b5ba9, type: 3}
      propertyPath: m_LocalEulerAnglesHint.x
      value: 0
      objectReference: {fileID: 0}
    - target: {fileID: 400000, guid: 0af117fadbdfad04f8b81dc1ec6b5ba9, type: 3}
      propertyPath: m_LocalEulerAnglesHint.y
      value: 0
      objectReference: {fileID: 0}
    - target: {fileID: 400000, guid: 0af117fadbdfad04f8b81dc1ec6b5ba9, type: 3}
      propertyPath: m_LocalEulerAnglesHint.z
      value: 0
      objectReference: {fileID: 0}
    - target: {fileID: 400000, guid: 0af117fadbdfad04f8b81dc1ec6b5ba9, type: 3}
      propertyPath: m_LocalScale.x
      value: 1.6666666
      objectReference: {fileID: 0}
    - target: {fileID: 400000, guid: 0af117fadbdfad04f8b81dc1ec6b5ba9, type: 3}
      propertyPath: m_LocalScale.y
      value: 1.6666666
      objectReference: {fileID: 0}
    - target: {fileID: 400000, guid: 0af117fadbdfad04f8b81dc1ec6b5ba9, type: 3}
      propertyPath: m_LocalScale.z
      value: 1.6666666
      objectReference: {fileID: 0}
    m_RemovedComponents: []
  m_SourcePrefab: {fileID: 100100000, guid: 0af117fadbdfad04f8b81dc1ec6b5ba9, type: 3}
--- !u!4 &4939922200368733064 stripped
Transform:
  m_CorrespondingSourceObject: {fileID: 400000, guid: 0af117fadbdfad04f8b81dc1ec6b5ba9,
    type: 3}
  m_PrefabInstance: {fileID: 4939922200368857352}
  m_PrefabAsset: {fileID: 0}
--- !u!1001 &7394521680538428355
PrefabInstance:
  m_ObjectHideFlags: 0
  serializedVersion: 2
  m_Modification:
    m_TransformParent: {fileID: 4513722921009260238}
    m_Modifications:
    - target: {fileID: 4714465049201136242, guid: 5a3f0cd00a00cfb48a1b2aaf6429f102,
        type: 3}
      propertyPath: m_Name
      value: PlacementIndicator
      objectReference: {fileID: 0}
    - target: {fileID: 4714465049201136242, guid: 5a3f0cd00a00cfb48a1b2aaf6429f102,
        type: 3}
      propertyPath: m_IsActive
      value: 0
      objectReference: {fileID: 0}
    - target: {fileID: 539862366228075736, guid: 5a3f0cd00a00cfb48a1b2aaf6429f102,
        type: 3}
      propertyPath: m_LocalPosition.x
      value: 0
      objectReference: {fileID: 0}
    - target: {fileID: 539862366228075736, guid: 5a3f0cd00a00cfb48a1b2aaf6429f102,
        type: 3}
      propertyPath: m_LocalPosition.y
      value: 0
      objectReference: {fileID: 0}
    - target: {fileID: 539862366228075736, guid: 5a3f0cd00a00cfb48a1b2aaf6429f102,
        type: 3}
      propertyPath: m_LocalPosition.z
      value: 0
      objectReference: {fileID: 0}
    - target: {fileID: 539862366228075736, guid: 5a3f0cd00a00cfb48a1b2aaf6429f102,
        type: 3}
      propertyPath: m_LocalRotation.x
      value: 0
      objectReference: {fileID: 0}
    - target: {fileID: 539862366228075736, guid: 5a3f0cd00a00cfb48a1b2aaf6429f102,
        type: 3}
      propertyPath: m_LocalRotation.y
      value: 0
      objectReference: {fileID: 0}
    - target: {fileID: 539862366228075736, guid: 5a3f0cd00a00cfb48a1b2aaf6429f102,
        type: 3}
      propertyPath: m_LocalRotation.z
      value: 0
      objectReference: {fileID: 0}
    - target: {fileID: 539862366228075736, guid: 5a3f0cd00a00cfb48a1b2aaf6429f102,
        type: 3}
      propertyPath: m_LocalRotation.w
      value: 1
      objectReference: {fileID: 0}
    - target: {fileID: 539862366228075736, guid: 5a3f0cd00a00cfb48a1b2aaf6429f102,
        type: 3}
      propertyPath: m_RootOrder
      value: 1
      objectReference: {fileID: 0}
    - target: {fileID: 539862366228075736, guid: 5a3f0cd00a00cfb48a1b2aaf6429f102,
        type: 3}
      propertyPath: m_LocalEulerAnglesHint.x
      value: 0
      objectReference: {fileID: 0}
    - target: {fileID: 539862366228075736, guid: 5a3f0cd00a00cfb48a1b2aaf6429f102,
        type: 3}
      propertyPath: m_LocalEulerAnglesHint.y
      value: 0
      objectReference: {fileID: 0}
    - target: {fileID: 539862366228075736, guid: 5a3f0cd00a00cfb48a1b2aaf6429f102,
        type: 3}
      propertyPath: m_LocalEulerAnglesHint.z
      value: 0
      objectReference: {fileID: 0}
    m_RemovedComponents: []
  m_SourcePrefab: {fileID: 100100000, guid: 5a3f0cd00a00cfb48a1b2aaf6429f102, type: 3}
--- !u!1 &2878849858470031793 stripped
GameObject:
  m_CorrespondingSourceObject: {fileID: 4714465049201136242, guid: 5a3f0cd00a00cfb48a1b2aaf6429f102,
    type: 3}
  m_PrefabInstance: {fileID: 7394521680538428355}
  m_PrefabAsset: {fileID: 0}
--- !u!4 &7053595499932858139 stripped
Transform:
  m_CorrespondingSourceObject: {fileID: 539862366228075736, guid: 5a3f0cd00a00cfb48a1b2aaf6429f102,
    type: 3}
  m_PrefabInstance: {fileID: 7394521680538428355}
  m_PrefabAsset: {fileID: 0}
